2628 3796
130 229 196 296 220
312 243 403 293 τιτι
429 242 527 292 mvl
552 239 608 289 Aa
634 241 748 290 vasa
772 238 963 289 connrra

183 410 297 464 tentem
319 401 383 481 ejus
407 398 552 480 injuriam
573 397 693 460 invidia
712 403 827 471 onerat,
847 404 882 457 ut
903 394 1091 476 increpando

183 482 263 563 quod
279 479 471 559 degenerarit
488 487 608 538 tantum
629 497 649 537 a
668 498 700 538 se
721 478 793 556 ipse,
808 475 978 536 cumulatas
998 476 1026 536 ei
1040 495 1091 536 ve-
1111 507 1117 516 ·

182 571 259 624 teres
279 561 385 621 laudes
406 559 621 620 moderationis
641 566 672 618 et
691 556 910 635 temperantiae
924 574 978 633 pro
992 574 1091 634 repre-

182 641 325 703 hensione
339 639 491 720 praesenti
506 638 629 710 reddat;
644 637 826 716 castigatum
841 635 922 695 enim
936 635 1091 714 quondam

150 723 169 786 δ
183 722 222 782 ab
236 741 271 782 eo
285 719 435 801 populum
450 719 503 791 ait,
518 717 599 798 quod
612 738 682 778 eum
695 725 877 796 perpetuum
891 714 1045 775 consulem
1060 723 1092 774 et

182 802 364 862 dictatorem
377 798 474 861 vellet
495 797 610 869 facere;
633 796 822 876 prohibuisse
842 803 957 856 statuas
977 793 1036 854 sibi
1057 794 1092 853 in

183 882 313 956 comitio,
325 881 356 940 in
372 880 485 952 rostris,
497 878 530 938 in
544 878 638 951 curia,
648 878 680 936 in
691 874 853 955 Capitolio,
864 874 897 934 in
912 873 990 934 cella
1002 872 1025 935 J
1025 874 1092 936 ovis

182 962 272 1041 poni;
303 960 502 1040 prohibuisse,
530 977 569 1017 ne
596 957 817 1029 decerneretur,
844 962 880 1015 ut
907 954 1007 1033 imago
1035 973 1092 1014 sua

182 1041 362 1121 triumphali
390 1048 500 1102 ornatu
527 1058 545 1099 e
571 1036 685 1116 templo
709 1036 799 1099 «lovis
826 1035 935 1116 optimi
961 1034 1092 1094 maximi

130 1121 169 1182 10
183 1122 287 1182 exiret.
984 1164 987 1169 ·

222 1200 326 1262 LVII.
369 1199 457 1260 Haec
481 1197 532 1261 vel
555 1197 588 1258 in
612 1196 791 1258 laudatione
813 1195 914 1276 posita
936 1194 1106 1274 ingentem·

181 1279 426 1360 magnitudinem
440 1279 536 1340 animi
551 1276 736 1338 moderantis
750 1276 791 1336 ad
805 1276 930 1339 civilem
949 1275 1092 1336 habitum

182 1359 348 1422 honoribus
367 1359 583 1440 significarent,
604 1377 684 1438 quae
707 1355 922 1437 exprobrando
948 1355 1092 1416 inimicus

183 1440 305 1502 fatetur.
347 1440 433 1501 Huic
462 1437 602 1500 Graccho
630 1439 780 1499 minorem
807 1456 846 1497 ex
873 1435 992 1496 duabus
1017 1434 1092 1496 filiis

131 1519 169 1580 15
186 1524 272 1598 (nam
288 1521 384 1600 major
399 1521 433 1580 P.
448 1517 591 1580 Cornelio
605 1517 737 1579 Nasicae
750 1517 835 1577 haud
849 1516 943 1577 dubie
963 1535 982 1576 a
1002 1525 1091 1595 patre

183 1599 341 1661 conlocata
354 1598 434 1674 erat)
450 1608 580 1679 nuptam
593 1598 686 1659 fuisse
700 1597 843 1663 convenit
851 1618 859 1669 ;
880 1594 961 1656 illud
980 1615 1092 1676 parum

183 1688 309 1751 constat,
324 1689 426 1740 utrum
442 1687 650 1758 postmortem
666 1679 761 1757 patris
781 1688 813 1738 et
832 1677 980 1757 desponsa
999 1677 1040 1737 sit
1060 1685 1092 1738 et

183 1760 328 1837 nupserit,
350 1779 389 1819 an
414 1779 504 1820 verae
530 1758 604 1818 illae
627 1759 784 1837 opiniones
811 1758 881 1832 sint,
904 1756 1091 1832 Gracchum,

183 1859 253 1900 cum
273 1838 310 1899 L
331 1837 432 1918 Scipio
456 1839 489 1898 in
509 1837 635 1914 vincula
659 1838 822 1899 duceretur
848 1859 904 1900 nec
929 1839 1091 1918 quisquam

131 1919 170 1980 20
184 1918 371 1999 collegarum
385 1918 503 1979 auxilio
518 1926 601 1991 esset,
613 1918 740 1997 jurasse,
755 1919 814 1980 sibi
827 1918 1004 1980 inimicitias
1018 1939 1090 1980 cum

183 1998 385 2079 Scipionibus,
408 2019 486 2077 qnae
513 1998 648 2071 fuissent,
674 2018 806 2074 manere,
830 2019 886 2060 nec
912 2019 944 2060 se
971 2001 1091 2079 gratiae

184 2079 374 2158 quaerendae
400 2097 492 2138 eausa
519 2078 684 2158 quicquam
712 2078 821 2152 facere,
849 2079 911 2154 sed,
937 2080 971 2141 in
999 2099 1091 2158 quem

183 2179 334 2220 carcerem
362 2179 445 2237 reges
473 2166 503 2218 et
530 2159 727 2238 imperatores
761 2158 893 2221 hostiurn
928 2160 1091 2220 dueentem

183 2239 308 2300 vidisset
329 2239 363 2299 P.
377 2237 569 2311 Africanum,
590 2239 624 2298 in
645 2259 715 2299 eum
735 2259 767 2300 se
788 2240 914 2301 fratrem
934 2240 998 2300 e‘us
1018 2238 1092 2300 duci

131 2319 170 2381 25
184 2338 244 2379 non
272 2317 447 2398 passurum:
475 2326 614 2378 senatum
641 2339 676 2380 eo
700 2319 750 2380 die
776 2319 855 2380 forto
882 2321 913 2380 in
937 2261 1091 2399 (lapitolio

184 2408 342 2460 cenantem
371 2397 593 2459 consurrexisse
619 2407 651 2460 et
677 2400 794 2478 petisse,
816 2411 852 2460 ut
877 2401 958 2461 inter
983 2398 1092 2479 epulas

78 2505 82 2512 ·
183 2478 323 2540 Graccho
347 2477 443 2538 filiam
468 2477 636 2539 Africanus
660 2479 877 2558 desponderet:
911 2480 1022 2560 quibus
1046 2481 1093 2540 ita
1160 2533 1165 2543 .

183 2559 263 2618 inter
277 2558 433 2637 publicum
451 2558 597 2620 sollemne
616 2559 809 2638 sponsalibus
829 2562 888 2620 rite
907 2560 1091 2634 sestiacum

182 2658 214 2698 se
247 2638 370 2697 domurn
404 2639 574 2718 recepisset,
609 2639 781 2719 Scipionem
814 2639 968 2701 Aemiliae
1000 2640 1093 2700 uxori

130 2719 169 2781 30
183 2717 294 2777 dixisse
321 2716 416 2777 filiam
451 2738 483 2778 se
517 2719 665 2780 minorem
693 2718 901 2798 despondisse:
936 2739 1008 2780 cum
1035 2719 1093 2780 illa

182 2796 372 2857 muliebriter
406 2798 640 2877 indignabunda
671 2799 749 2860 nihil
777 2800 816 2860 de
844 2799 998 2860 communi
1024 2799 1093 2860 filia

181 2897 283 2937 secum
311 2877 528 2950 consultatum,
549 2878 716 2957 adjecisset,
737 2899 808 2952 non,
828 2879 855 2940 si
879 2878 925 2941 Ti
948 2877 1092 2940 Graccho

182 2956 277 3030 daret,
291 2966 448 3036 expertem
463 2957 583 3018 consilii
597 2958 735 3018 debuisse
749 2967 877 3019 matrem
891 2979 963 3033 asse,
974 2957 1091 3019 laetum

181 3036 354 3116 Scipionem
382 3045 447 3098 tam
471 3037 615 3098 concordi
634 3038 752 3116 judicio
776 3039 805 3098 ei
827 3039 887 3118 ipsi
911 3039 1091 3118 desponsam

128 3117 167 3176 35
181 3116 377 3194 respondisse.
419 3115 507 3177 Haec
528 3117 566 3177 de
587 3125 673 3178 tanto
688 3118 763 3191 viro,
777 3114 964 3198 quamquam
984 3126 1015 3178 et
1028 3118 1093 3197 opi·

181 3195 322 3333 niorpiibus
342 3203 373 3255 et
393 3196 597 3257 monumentis
617 3196 789 3258 litterarum
803 3199 968 3272 variarent,
982 3217 1092 3279 propo-

181 3293 240 3334 nen
263 3282 392 3336 serant
