2628 3796
452 264 589 311 arana
614 263 728 329 xx11,
756 247 887 311 49-50.
1102 247 1167 314 193

211 421 250 482 ad
278 419 401 481 Cannas
428 419 597 499 fugientem
623 419 779 480 consulem
806 420 863 481 vix
890 417 1115 498 quinquaginta

210 501 305 562 secuti
327 507 407 574 sunt,
425 499 550 560 alterius
571 500 727 561 morientis
747 519 842 579 prope
861 507 943 560 totus
964 500 1115 562 exereitus

210 581 277 642 fui.

249 589 337 722 l3inis
365 660 398 720 iu
427 659 533 720 castris
562 680 631 720 oum
660 657 826 719 multitudo
853 658 1020 720 semiermis
1050 659 1115 722 sine

210 741 340 802 ducibus
359 748 445 812 esset,
460 739 603 800 nuntium
621 739 679 878 qui
699 739 732 798 in
753 737 919 818 majoribus
940 749 1027 800 erant
1047 741 1115 802 mit-
1149 741 1170 804 5

210 831 288 893 tunt,
304 820 397 880 ‘dum
411 819 536 899 proelio,
549 819 619 880 dein
642 839 659 880 e
672 838 713 879 ex
726 817 846 878 laetitia
859 818 958 899 epulis
970 819 1115 899 fatigatos

210 902 293 980 quies
314 910 465 961 nocturna
486 900 587 963 hostes
607 906 767 980 premeret,
781 908 817 958 ut
833 898 874 958 ad
887 919 919 959 se
933 901 1114 962 transirent:

209 1000 270 1040 uno
291 980 415 1060 agmine
434 979 602 1042 Canusium
624 978 761 1040 abituros
781 979 862 1040 essa*
904 978 984 1040 Eam
998 988 1115 1041 senteu-

209 1061 284 1121 tiam
309 1061 364 1122 alii
387 1069 485 1122 totam
509 1060 684 1140 aspernari:
707 1064 780 1120 ‘cur
800 1059 883 1120 enim
907 1058 986 1133 illos,
1008 1060 1061 1138 qui
1084 1079 1117 1122 se

208 1149 371 1210 arcessant,
385 1142 465 1220 ipsos
478 1162 540 1202 nou
554 1141 668 1214 venire,
685 1159 756 1200 oum
777 1159 874 1219 aeque
893 1140 1035 1219 conjungi
1049 1161 1114 1220 pos·
1128 1142 1169 1204 10

208 1223 295 1282 sent?
315 1221 389 1301 quia
403 1215 547 1284 videlieet
567 1221 659 1301 plena
682 1219 814 1280 hostium
837 1219 940 1280 omnia
959 1220 993 1280 in
1013 1221 1114 1282 medio

208 1311 315 1375 essent,
330 1310 361 1362 et
379 1302 511 1362 aliorum
530 1321 623 1380 quam
644 1321 699 1361 sua
721 1319 849 1379 corpora
870 1308 957 1361 tanto
977 1301 1115 1394 periculo

208 1382 337 1442 mallent
357 1381 493 1443 obicere!
535 1381 618 1442 Aliis
633 1401 695 1441 non
710 1388 775 1440 tam
788 1380 940 1441 sententia
953 1380 1115 1460 displicere

208 1483 301 1541 quam
315 1463 434 1522 animus
448 1462 558 1522 deesse.

188 1553 193 1562 ·
248 1542 283 1603 Ρ.
298 1542 494 1622 Sempronius
507 1541 679 1603 Tuditanus
701 1540 845 1603 tribunus
867 1541 1003 1603 militurn
1018 1541 1113 1622 “oapi
1129 1543 1168 1605 15

206 1643 279 1702 ergo
290 1623 436 1684 mavultis
447 1621 465 1648 ''
481 1623 581 1701 inquit
592 1622 660 1683 “ab
671 1622 851 1684 avarissimo
863 1631 895 1684 et
906 1622 1114 1684 crudelissimo

206 1703 306 1776 hoste,
316 1702 529 1781 aestimarique
543 1702 646 1780 capita
662 1710 764 1764 vestra
778 1710 809 1763 et
824 1703 945 1782 exquiri
960 1704 1059 1784 pretia
1072 1703 1113 1765 ab

207 1781 475 1862 interrogantibus,
490 1783 648 1843 Romanus
663 1782 738 1844 civis
753 1782 793 1843 sis
808 1803 849 1843 an
863 1783 993 1845 Latinus
1006 1784 1114 1858 sociae,

206 1871 242 1924 ut
261 1883 303 1923 ex
323 1873 378 1923 tua
398 1862 583 1934 contumelia
604 1871 635 1922 et
656 1862 778 1923 miseria
800 1863 888 1923 alteri
909 1865 1004 1926 honos
1024 1884 1114 1944 quae·

206 1943 315 2003 ratur?
355 1941 427 2009 Nou
450 1951 494 2016 tu,
515 1943 540 2003 si
561 1942 692 2022 quidem,
707 1943 744 2003 L.
767 1942 884 2004 Aemili
905 1945 1045 2020 consulis,
1060 1945 1114 2025 qui
1128 1945 1168 2008 20

205 2042 237 2083 se
261 2021 339 2082 bene
363 2023 441 2084 mori
465 2042 558 2102 quam
582 2023 714 2102 turpiter
740 2022 845 2085 vivere
869 2025 989 2099 maluit,
1014 2033 1045 2087 et
1067 2034 1115 2086 tot

206 2101 439 2164 fortissimorum
458 2103 604 2176 virorum,
626 2103 679 2182 qui
705 2103 788 2164 circa
808 2123 878 2164 eum
899 2105 1049 2166 cumulati
1067 2106 1115 2185 ja·

206 2191 285 2254 cent,
303 2182 384 2243 cives
404 2183 482 2243 estis.
524 2181 584 2242 Sed
612 2192 778 2262 antequam
800 2185 946 2264 opprimit
971 2186 1028 2246 lux
1050 2206 1114 2246 ma·

205 2262 336 2354 joraque
350 2261 482 2323 hostium
497 2263 622 2341 agmina
637 2262 818 2342 obsaepiunt
832 2265 899 2338 iter,
913 2286 969 2345 per
982 2267 1045 2339 hos,
1059 2266 1114 2344 qui
1136 2285 1138 2288 ’

205 2341 374 2402 mordinati
394 2351 486 2422 atque
501 2343 685 2421 inconpositi
701 2343 881 2423 obstrepunt
895 2346 999 2424 portis,
1014 2366 1112 2406 erum·
1126 2347 1166 2409 25

204 2441 324 2503 pamus.
366 2422 461 2483 Ferro
488 2431 580 2500 atque
609 2423 740 2484 audacia
761 2424 814 2486 via
837 2425 872 2484 fit
896 2427 1114 2506 quamvisper

205 2503 356 2564 consertos
384 2503 485 2564 hostis.
528 2501 633 2562 Cuneo
659 2503 782 2582 quidem
807 2503 865 2565 hoo
887 2505 994 2566 laxum
1022 2515 1113 2586 atque

204 2582 340 2644 solutum
360 2603 479 2661 agmen,
494 2591 531 2644 ut
550 2582 576 2642 si
598 2582 678 2642 nihil
701 2583 808 2658 obstet,
830 2584 960 2646 disicias.
1001 2586 1112 2667 Itaque

204 2662 246 2723 ite
273 2682 402 2736 mecum,
427 2665 481 2743 qui
509 2671 540 2724 et
564 2671 682 2725 vosmet
709 2663 790 2744 ipsos
813 2673 845 2726 et
867 2686 932 2727 rem
954 2667 1112 2746 publicam

203 2743 324 2804 salvam
343 2743 468 2806 vultis.”
1126 2748 1167 2811 30

245 2823 334 2884 Haec
354 2823 409 2884 ubi
430 2823 515 2884 dicta
536 2822 631 2898 dedit,
645 2823 768 2904 stringit
787 2824 936 2906 gladium,
956 2847 1112 2909 cuneoque

203 2902 285 2963 facto
304 2923 361 2982 per
380 2904 495 2964 medios
510 2903 599 2965 vadit
620 2904 731 2977 hostis3
753 2914 867 2967 etcum
886 2907 919 2967 in
938 2907 1020 2969 latus
1039 2909 1112 2970 dex·

203 2990 297 3056 trum,
308 2983 390 3063 quod
404 2984 540 3064 patebat,
555 2983 710 3044 Numidae
718 2985 940 3065 jacularentur,
954 2988 1112 3050 translatis

203 3068 237 3122 in
265 3063 409 3124 dextrum
436 3065 539 3137 scutis,
564 3064 597 3124 in
624 3064 741 3144 majora
765 3076 865 3126 castra
891 3067 931 3126 ad
954 3077 1111 3130 sexcentos

203 3154 378 3218 evaserunt,
400 3153 493 3223 atque
515 3144 586 3204 inde
607 3145 754 3224 protinus,
775 3145 837 3208 alio
858 3166 968 3226 magno
989 3150 1111 3228 agmine
1125 3148 1165 3209 35

203 3223 360 3304 adjuncto,
389 3223 558 3285 Canusium
586 3223 752 3284 incolumes
779 3226 971 3305 perveniunt.
1021 3228 1110 3289 Haeo

203 3304 287 3383 apud
302 3305 400 3367 victos
414 3305 512 3382 magis
526 3304 642 3382 impetu
657 3304 839 3377 animorum,
850 3325 940 3382 quem
954 3307 1110 3382 ingenium

202 3403 293 3444 suurn
308 3385 419 3463 cuique
434 3392 488 3443 aut
498 3384 559 3443 fors
574 3383 676 3453 dabat,
687 3401 778 3460 quam
789 3403 829 3442 ex
840 3383 965 3442 oonsilio
976 3384 1111 3459 ipsorum

203 3474 259 3526 aut
273 3463 464 3592 irqperiqcuj
470 3481 597 3541 usquam
611 3461 790 3538 agebantur.

324 3546 328 3561 ¹
345 3571 379 3580 —
408 3557 461 3606 rvy.
