2572 3790
126 197 171 262 42
296 219 507 272 r1r1n1v1
536 219 591 269 Aa
617 221 733 273 rann
763 222 953 272 connisa

178 381 315 434 currunt.
355 375 422 436 Nec
432 375 479 437 his
493 397 548 437 nec
565 376 628 438 illis
642 377 811 457 periculum
825 379 1079 460 suum-publi·

179 473 249 513 eum
269 455 431 533 imperium
450 457 668 536 servitiumque
681 458 859 520 obversatur
872 459 984 533 animo,
998 461 1078 522 futu·

179 553 273 611 raqua
287 553 323 594 ea
337 534 447 596 deinde
461 536 578 615 patriae
592 537 724 611 fortune,
739 558 831 617 quam
851 537 909 619 ipsi
930 539 1077 601 fecissent.

178 611 224 674 Ut
243 613 342 692 primo
365 615 468 676 statim
493 636 641 677 concursu
662 617 840 698 increpuere
859 639 946 679 arma
966 620 1078 680 mican-

144 690 282 772 dtesque
305 692 417 756 fulsere
440 693 545 774 gladii,
569 696 676 756 horror
697 696 803 778 ingens
826 719 841 758 s
881 699 991 760 cientis
1012 720 1077 779 per·

176 773 308 853 stringit,
323 782 354 834 et
372 783 481 836 neutm
501 774 651 837 inclinata
674 796 728 856 spe
751 785 837 858 torpe
859 787 892 839 at
910 797 972 841 vox
992 779 1077 859 spiri·

177 861 294 933 tusque.
334 853 488 916 Consedis
514 854 624 916 deinde
650 855 801 931 manibus,
826 878 897 918 cum
920 858 987 938 jam
1014 879 1076 920 non

177 943 277 995 motus
297 942 418 1016 tan-tum
439 954 599 1014 corporum
621 936 809 1017 agitatioque
822 957 933 1018 auceps
946 937 1075 999 telorum

176 1034 399 1094 armorumque,
412 1015 465 1076 sed
479 1015 608 1078 vulnera
628 1036 749 1097 quoque
768 1025 799 1078 et
817 1018 942 1097 sanguis
961 1029 1076 1098 specta·

125 1088 162 1152 10
176 1093 245 1154 culo
259 1104 365 1168 essent,
374 1095 435 1156 duo
450 1095 582 1156 Romani
597 1116 687 1176 super
700 1097 797 1158 alium
810 1097 899 1178 absus,
908 1097 1076 1161 vulneratis
1105 1127 1108 1134 ·

109 1193 116 1217 ι
176 1173 273 1234 tribus
286 1174 428 1248 Albanis,
442 1176 630 1255 exspirantes
644 1185 832 1238 corruerunt.

215 1252 268 1314 Ad
289 1274 418 1333 quorum
440 1275 543 1316 casum
564 1276 634 1318 cum
656 1256 875 1319 conclamasset
893 1257 1006 1338 gaudio
1019 1257 1076 1319 Al·

175 1331 273 1395 banus
299 1335 459 1409 exercitus,
481 1335 637 1398 Romanas
664 1336 797 1418 legiones
819 1338 885 1417 jam
913 1358 980 1418 spes
1001 1346 1075 1414 tota,

175 1414 311 1476 nondum
324 1423 427 1478 tamen
442 1436 516 1477 cura
529 1415 711 1492 deseruerat,
726 1417 881 1478 exanimes
895 1418 962 1480 vice
976 1419 1075 1493 unius,

122 1489 162 1550 15
173 1513 265 1634 quem
279 1504 340 1557 tres
353 1495 485 1558 Curiatii
500 1496 770 1558 circumsteterant.
811 1496 905 1558 Forte
919 1497 945 1558 is
959 1497 1076 1578 integer

186 1575 242 1648 trit,
257 1585 293 1637 ut
309 1576 459 1640 universis
478 1576 560 1638 solus
580 1595 774 1656 nequaquam
788 1595 853 1656 par,
867 1577 911 1638 sic
930 1578 1075 1640 adversus

173 1654 310 1735 singulos
329 1657 425 1719 ferox.
467 1655 552 1736 Ergo
572 1664 608 1718 ut
627 1665 799 1736 segregaret
811 1676 947 1736 pugnam
960 1677 1075 1732 eorum,

174 1737 302 1814 capessit
327 1736 442 1816 fugam,
471 1737 516 1797 ita
548 1744 633 1814 ratus
665 1746 830 1810 secuturos,
857 1745 894 1798 ut
926 1757 1075 1817 quemque

174 1813 301 1877 vulnere
322 1818 477 1878 adlectum
500 1836 608 1896 corpus
628 1816 749 1880 sineret.
789 1816 864 1879 Jam
881 1816 1074 1896 aliquantum

121 1889 160 1951 20
173 1895 266 1973 spatii
286 1917 325 1956 ex
346 1917 382 1958 eo
401 1897 477 1973 loco,
491 1896 547 1957 ubi
566 1905 736 1977 pugnatum
751 1905 804 1971 est,
818 1897 990 1977 aufugerat,
1004 1917 1074 1958 cum

173 1975 337 2053 respiciens
354 1977 441 2039 videt
460 1977 580 2057 magnis
601 1976 771 2040 intervallis
791 1986 957 2056 sequentes,
978 1997 1074 2038 unum

174 2053 251 2114 haut
270 2056 376 2135 procul
397 2058 437 2118 ab
457 2078 520 2118 sese
541 2057 651 2118 abesse.
693 2056 733 2117 In
746 2077 816 2118 eum
833 2076 944 2136 magno
958 2055 1074 2136 impetu

173 2134 282 2208 rediit;
302 2144 333 2197 et
346 2136 421 2196 dum
434 2136 576 2198 Albanus
589 2137 741 2198 exercitus
754 2136 904 2197 inclamat
918 2135 1072 2212 Curiatiis,

171 2214 219 2273 uti
231 2235 320 2295 opem
333 2216 434 2278 ferant
446 2216 545 2290 fratri,
555 2217 622 2297 jam
636 2215 794 2292 Horatius,
809 2235 894 2278 caeso
913 2215 999 2277 hoste
1011 2216 1074 2280 vic·

119 2287 158 2348 25
172 2301 229 2363 tor,
243 2297 408 2358 secundam
422 2316 557 2378 pugnam
571 2297 702 2376 petebat

87 2417 111 2459 q
212 2373 299 2436 Tunc
313 2376 454 2452 clamore,
469 2376 568 2456 qualis
581 2397 621 2436 ex
635 2376 789 2458 insperato
802 2375 973 2439 faventium
986 2375 1072 2451 solet,

171 2452 305 2516 Romani
338 2457 489 2537 adjuvant
522 2456 650 2518 militem
680 2477 779 2532 suum,
807 2465 839 2518 et
864 2457 919 2517 ille
946 2456 1072 2537 defungi

170 2535 285 2612 proelio
309 2536 441 2599 festinat.
482 2537 572 2599 Prius
596 2537 700 2616 itaque
721 2557 812 2616 quam
834 2536 922 2610 alter,
942 2538 996 2616 qui
1016 2549 1090 2599 nect

170 2615 278 2692 procul
299 2616 415 2692 aberat,
431 2618 573 2698 consequi
586 2627 694 2698 posset,
709 2626 740 2678 et
753 2616 885 2678 alterum
899 2616 1071 2679 Curiatium

117 2689 157 2750 30
170 2695 299 2757 conficit.
341 2696 475 2778 Jamque
488 2718 523 2758 ae
545 2707 617 2758 ueto
630 2697 733 2759 Marte
750 2697 865 2776 singuli
883 2707 1070 2791 supererant,

169 2774 222 2834 sed
241 2796 298 2836 nec
317 2797 371 2857 spe
390 2798 447 2839 nec
467 2719 585 2840 virilius
612 2798 707 2858 pares.
748 2776 894 2839 Alterum
921 2786 1070 2838 sntactum

168 2853 249 2916 ferro
270 2876 378 2936 corpus
399 2867 430 2919 et
451 2860 606 2938 geminata
620 2857 750 2920 victoria
771 2857 902 2922 ferocem
921 2857 954 2916 in
975 2866 1070 2918 certa·

167 2953 238 2996 men
265 2939 390 2998 tertium
417 2938 530 3011 dabat3
551 2938 639 3011 alter,
662 2938 773 2999 fessum
797 2937 934 3011 vulnere,
958 2937 1069 2998 fessum

168 3034 257 3076 cursu
285 3017 408 3079 trahens
436 3038 553 3098 corpus,
571 3018 741 3098 ‘victusque
768 3017 899 3078 fratrum
932 3026 1005 3078 ante
1037 3036 1069 3077 se

55 3148 64 3161 .
115 3090 153 3150 35
166 3103 276 3175 strage,
301 3098 410 3159 victori
438 3098 570 3159 obicitur
596 3097 685 3158 hosti.
726 3097 792 3158 Nec
816 3097 896 3157 illud
918 3096 1067 3176 proelium

167 3172 235 3235 suit.
276 3176 433 3238 Romanus
454 3177 610 3238 exsultans
632 3177 763 3239 “duos''
784 3177 885 3256 inquit
908 3176 1067 3237 “fratrum

167 3254 307 3315 manibus
328 3257 409 3329 dedi,
430 3257 554 3316 tertium
576 3277 684 3318 causae
704 3256 781 3316 belli
801 3257 936 3337 hujusce,
951 3265 987 3316 ut
1007 3256 1067 3317 Ro·

165 3352 273 3394 manus
283 3334 408 3395 Albano
419 3335 556 3414 imperet,
564 3335 672 3397 dabo.’'
706 3336 792 3397 Male
804 3336 966 3396 sustinenti
979 3355 1067 3396 arma

164 3411 304 3490 gladium
317 3434 446 3495 superne
455 3414 566 3496 jugulo
580 3416 694 3496 defigit,
703 3416 857 3496 jacentem
870 3414 991 3495 spoliat.
