2616 3790
65 203 70 210 ⁶
100 221 104 232 '
154 223 197 288 92
327 237 418 286 rrrr
444 237 541 287 nrvr
568 237 623 286 AB
649 237 764 288 vana
792 236 984 286 counias

206 395 325 458 senatui
352 394 558 468 satisfaciant3
586 394 662 456 alios
685 393 740 473 qui
763 392 938 455 Hannibali
964 395 1108 458 nuntient

206 485 242 536 ut
256 475 423 536 exercitum
438 475 477 536 ab
492 476 629 554 Sagunto
650 474 793 546 abducat,
807 475 967 554 ipsumque
986 475 1109 536 Hanni·

206 555 308 616 belem
335 575 375 614 ex
401 555 520 616 foedere
548 554 695 615 Romanis
721 553 854 627 dedant;
882 555 1004 616 tertiam
1028 556 1109 636 lega·

206 636 321 697 tionem
341 635 381 696 ad
401 655 448 694 res
469 634 647 714 Saguntinis
668 633 838 694 reddendas
858 633 1016 696 decerno.''

174 716 193 777 5
247 715 309 776 XI.
350 713 429 775 Oum
443 713 559 774 Hanno
572 722 748 793 perorasset,
763 713 878 774 nemini
892 715 1028 776 omnium
1048 735 1110 776 cer-

206 804 274 856 tare
287 795 424 855 oratione
437 813 506 854 cum
521 814 556 854 eo
569 813 689 854 necesse
702 792 780 865 fuit,
800 791 877 855 adeo
896 814 992 874 prope
1010 796 1109 856 omnis

206 883 329 936 senatus
344 872 532 934 Hannibalis
545 881 620 946 erat,
634 873 737 934 infesti
794 892 833 934 ue
845 873 982 936 locutum
1003 894 1110 953 argue

207 954 283 1016 bant
303 954 488 1015 Hannonem
509 973 601 1032 quam
623 893 957 1028 Flacculdlvalerium,
972 953 1109 1034 legatum

208 1035 392 1095 Romanum.
434 1031 624 1113 Responsum
650 1032 724 1094 inde
750 1033 858 1112 legatis
882 1033 1030 1094 Romanis
1054 1043 1109 1108 est,

154 1116 194 1178 10
209 1115 342 1176 ‘bellum
369 1122 470 1175 ortum
497 1113 537 1173 ab
564 1112 751 1193 Saguntinis,
772 1132 834 1173 non
861 1112 901 1174 ab
930 1113 1111 1176 Hannibale

207 1215 286 1267 esse3
308 1193 456 1273 populum
484 1193 658 1254 Romanum
685 1194 798 1272 injuste
817 1193 927 1267 facere,
946 1194 972 1254 si
992 1194 1110 1274 Sagun-

207 1275 288 1336 tinos
307 1273 529 1381 ,vetustissimae
549 1272 847 1352 Carthaginiensium
866 1273 1004 1336 societati
1023 1294 1110 1355 prae-

228 1362 309 1416 onst

205 1375 227 1435 p
248 1434 333 1494 Dum
354 1433 487 1495 Romani
506 1441 626 1513 tempus
646 1441 750 1494 terunt
770 1433 974 1513 legationibus
986 1435 1110 1496 mitten·

153 1516 192 1578 15
207 1515 263 1588 dis,
278 1513 449 1588 Hannibal,
463 1514 537 1594 quia
550 1513 661 1574 fessum
674 1513 805 1575 militem
819 1513 944 1594 proeliis
956 1516 1111 1595 operibus·

207 1617 266 1676 que
290 1595 432 1668 habebat,
453 1613 622 1674 paucorum
645 1593 683 1654 iis
706 1593 826 1655 dierum
854 1595 986 1673 quietem
1013 1596 1110 1671 dedit,

207 1676 390 1739 stationibus
410 1675 450 1736 ad
472 1674 642 1735 custodiam
655 1674 815 1736 vinearum
837 1674 1027 1756 aliorumque
1041 1697 1110 1756 ope·

206 1777 276 1818 rum
289 1755 450 1835 dispositis.
492 1753 621 1815 Interim
641 1754 760 1816 animos
779 1775 883 1816 eorum
904 1776 987 1817 nunc
1007 1758 1055 1817 ira
1075 1757 1109 1818 in

206 1836 302 1898 hostis
325 1833 520 1908 stimulando,
539 1854 623 1896 nunc
646 1855 700 1914 spe
722 1835 926 1914 praemiorum
951 1837 1109 1910 aooendit;

154 1919 194 1984 20
207 1926 243 1978 ut
265 1935 339 1979 vero
363 1935 419 1995 pro
441 1915 581 1976 contione
608 1914 754 1994 praedam
775 1923 884 1994 captae
904 1915 988 1977 urbis
1009 1917 1109 1978 edixit

207 1997 342 2058 militum
365 1996 439 2069 fore,
464 1995 539 2055 adeo
565 1995 684 2056 accensi
712 2015 815 2056 omnes
835 2004 922 2069 sunt,
943 2005 987 2066 nt,
1008 1997 1035 2057 si
1058 2017 1109 2058 ex-

206 2077 322 2157 templo
335 2076 455 2156 signum
470 2075 577 2136 datum
591 2083 676 2148 esset,
690 2074 778 2135 nulla
792 2075 824 2138 vi
841 2075 939 2136 resisti
952 2077 1110 2138 videretur

207 2178 300 2238 posse.
342 2155 504 2235 Saguntini
528 2162 564 2215 ut
588 2174 609 2216 a
631 2154 756 2234 proeliis
774 2156 906 2294 puietem
926 2156 1108 2232 habuerant,

208 2257 265 2298 neo
285 2237 464 2298 lacessentes
478 2255 534 2296 neo
548 2235 680 2295 lacessiti
693 2255 748 2314 per
761 2255 780 2296 a
793 2236 879 2313 iquot
892 2235 965 2310 dies,
980 2238 1024 2297 ita
1046 2257 1108 2298 non

154 2319 193 2381 25
207 2327 296 2379 nocte
322 2337 384 2392 non
412 2314 462 2376 die
488 2334 634 2395 nmquam
663 2324 854 2378 cessaverant
880 2315 920 2376 ab
947 2337 1045 2396 opere,
1073 2325 1110 2378 ut

206 2418 321 2461 novum
334 2416 457 2457 murum
470 2394 510 2456 ab
524 2415 561 2456 ea
573 2403 669 2475 parte,
684 2415 745 2474 qua
759 2396 946 2474 patefactum
960 2396 1109 2477 oppidum

206 2478 303 2538 ruinis
317 2485 391 2550 erat,
402 2476 566 2536 reficerent.
602 2475 680 2536 Inde
690 2477 877 2554 oppugnatio
887 2495 936 2536 eos
950 2476 1109 2556 aliquanto

206 2558 338 2619 atrocior
352 2573 444 2635 quam
466 2563 537 2616 ante
558 2555 666 2616 adorta
680 2567 733 2628 est,
748 2575 813 2628 nec,
828 2575 890 2635 qua
903 2556 1037 2635 primum
1051 2566 1109 2618 aut

206 2637 395 2716 potissimum
419 2644 507 2715 parte
532 2635 648 2696 ferrent
671 2655 767 2714 opem,
792 2655 863 2695 cum
887 2636 991 2696 omnia
1013 2637 1109 2699 variis

153 2717 193 2779 30
207 2716 392 2777 clamoribus
421 2724 598 2795 streperent,
626 2716 700 2776 satis
727 2715 805 2775 scire
832 2723 981 2795 poterant
1037 2716 1109 2796 Ipse

206 2796 378 2868 Hannibal,
407 2815 468 2874 qua
502 2795 595 2856 turris
628 2795 760 2867 mobilis,
786 2796 891 2856 omnia
917 2796 1111 2858 munimenta

205 2877 291 2938 urbis
311 2895 456 2955 superans
477 2874 650 2947 altitudine,
663 2875 820 2952 agebatur,
835 2875 973 2937 hortator
991 2877 1108 2938 aderat.

207 2957 297 3033 Quae
312 2975 382 3016 cum
396 2955 529 3028 admota,
543 2954 709 3033 catapultis
732 2953 923 3032 ballistisque
937 2976 991 3035 per
1004 2959 1109 3018 omnia

205 3035 347 3097 tabulata
360 3034 522 3112 dispositis,
537 3053 639 3093 muros
653 3032 859 3093 defensoribus
874 3035 1026 3108 nudasset,
1041 3045 1109 3098 tum

153 3113 193 3172 35
207 3113 368 3173 Hannibal
389 3113 575 3172 occasionem
596 3121 690 3183 ratus,
705 3112 886 3190 quingentos
906 3113 1000 3173 ferme
1014 3115 1110 3177 Afros

207 3211 278 3250 cum
298 3190 433 3250 dolabris
453 3190 493 3248 ad
514 3189 722 3249 subruendum
736 3191 775 3250 ab
790 3192 852 3250 imo
866 3211 989 3249 murum
1003 3195 1110 3256 mittit
1200 3257 1206 3270 ,

207 3269 273 3328 Nec
297 3276 364 3326 erat
387 3267 511 3325 difficile
534 3287 618 3343 opus,
640 3267 721 3342 quod
749 3278 907 3327 caementa
933 3288 996 3327 non
1025 3272 1112 3334 calce

208 3346 321 3403 durata
340 3353 437 3414 erant,
452 3343 503 3400 scd
524 3344 661 3402 interlita
681 3344 757 3418 luto,
770 3353 944 3403 structurae
966 3343 1032 3404 anti
1054 3362 1113 3402 uae

208 3440 327 3496 genere.
367 3419 478 3495 Itaque
497 3418 590 3478 latius
610 3440 701 3496 quam
718 3441 780 3498 qua
799 3421 977 3482 caederetur
991 3442 1046 3484 rue
1068 3430 1111 3494 at,
