2572 3790
495 236 629 283 urana
654 236 679 302 1,
706 218 792 286 6-7.
858 183 862 192 ⁸
1099 219 1148 286 23·

186 416 246 475 que
273 393 458 474 increpitans
486 393 644 473 adjecisset
668 392 738 453 “sic
763 389 881 466 deinde,
906 392 1091 532 quicumque

87 496 96 515 f
187 475 653 536 aliustransilietmoeniameal
666 472 907 548 ”,interfectum
947 473 1041 534 Itaso
1055 491 1090 534 us

39 522 85 602 ³(
187 557 302 636 potitus
330 554 457 634 imperio
485 553 652 627 Romulus;
680 553 804 615 condita
827 553 900 615 urbs
925 553 1092 615 conditoris

187 636 311 696 nomine
330 633 496 714 appellata

136 722 155 769 s
229 715 385 776 Palatium
399 714 542 794 primum,
556 713 590 772 in
610 733 670 792 quo
689 713 755 794 ipse
772 723 839 775 erat
856 713 1012 789 educatus,
1025 733 1091 775 rnu-
1124 715 1144 778 δ

189 796 257 856 niit.
298 794 392 855 Sacra
412 792 471 855 diis
491 793 560 853 aliis
581 793 706 854 Albano
727 794 797 868 ritu,
811 793 930 857 Graeco
949 793 1090 868 Herculi,

189 885 225 936 ut
245 874 285 936 ab
306 874 454 935 Evandro
474 872 616 933 instituta
634 873 830 946 erant„facit.
871 874 1038 936 Herculem
1057 875 1091 934 in

190 955 316 1027 calcea,
331 953 474 1033 Geryone
487 953 678 1032 interempto,
692 951 785 1014 bovas
805 954 884 1015 mira
903 955 1003 1034 specie
1022 954 1092 1016 abe·

190 1036 268 1115 gisse
282 1041 461 1106 memorant,
475 1052 512 1093 ac
525 1052 620 1112 prope
633 1031 767 1093 Tiberim
788 1033 927 1108 fluvium,
962 1055 1003 1095 ua
1016 1053 1091 1114 prae

189 1136 222 1176 se
235 1123 406 1175 armentum
420 1131 513 1191 agens
526 1111 629 1172 nando
642 1113 812 1191 trajecerat,
823 1113 890 1175 loco
903 1115 959 1176 her
980 1113 1041 1187 ido,
1056 1121 1092 1175 ut
1106 1114 1146 1176 10

191 1196 293 1274 quiete
305 1203 336 1254 et
349 1191 463 1272 pabulo
476 1192 603 1253 laetiore
616 1191 751 1253 reficeret
764 1192 866 1268 boves,
879 1203 910 1255 et
923 1195 1023 1274 ipsum
1036 1194 1092 1255 fes·

190 1295 257 1336 sum
281 1275 334 1336 via
358 1271 562 1352 procubuisse.
603 1271 653 1333 Ibi
677 1292 747 1332 cum
771 1293 840 1334 eum
865 1273 934 1335 cibo
957 1275 1092 1353 vinoque

190 1363 354 1435 gravatum
374 1373 464 1432 sopor
484 1351 686 1432 oppressisset,
700 1361 803 1431 pastor
823 1353 928 1416 accola
947 1355 1011 1435 ejus
1031 1354 1092 1414 loci

191 1435 313 1495 nomine
336 1432 444 1506 Cacus,
468 1433 556 1494 ferox
579 1431 706 1505 viribus,
729 1442 837 1512 captus
861 1433 1093 1513 pulchritudine

191 1515 284 1576 boum
311 1533 382 1574 cum
409 1521 546 1575 avertere
573 1533 641 1573 eam
668 1513 814 1592 praedam
838 1512 941 1587 vellet,
962 1514 1044 1594 quia,
1065 1513 1092 1574 si
1106 1515 1146 1578 15

190 1595 308 1676 agendo
319 1603 491 1656 armentum
505 1594 537 1654 in
551 1591 728 1674 speluncam
739 1593 942 1673 compulisset,
953 1594 1020 1674 ipsa
1028 1613 1093 1657 ves

191 1677 270 1757 tigia
283 1684 477 1755 quaerentem
491 1674 650 1736 dominum
664 1695 699 1736 eo
713 1674 884 1736 deductura
897 1683 994 1749 erant,
1008 1695 1093 1737 aver·

190 1778 238 1818 sos
251 1757 352 1829 boves,
366 1755 513 1816 eximium
527 1775 676 1835 quemque
690 1755 928 1835 pulchritudine,
940 1756 1046 1818 caudis
1058 1754 1093 1816 in

189 1837 367 1918 speluncam
380 1837 486 1897 traxit.

232 1915 383 1978 Hercules
396 1916 436 1976 ad
451 1915 583 1996 primam
603 1934 747 1976 auroram
767 1935 872 1978 somno
887 1917 1007 1980 excitus
1020 1937 1090 1978 cum
1105 1917 1146 1980 20

190 2017 314 2078 gregem
327 1997 538 2077 perlustrasset
550 1994 647 2056 oculis
661 2005 691 2056 et
704 2005 822 2076 partem
843 1998 945 2058 abesse
965 2016 1092 2058 numero

190 2079 338 2150 sensisset,
375 2077 453 2156 ergit
467 2075 507 2136 ad
522 2075 693 2154 proximam
711 2077 898 2156 speluncam,
911 2078 937 2138 si
956 2078 1036 2139 sorte
1055 2097 1092 2138 eo

191 2157 321 2238 vestigia
354 2165 463 2219 errent
504 2155 594 2232 Quae
614 2155 668 2216 ubi
688 2156 792 2217 omnia
811 2157 892 2218 foras
906 2177 996 2220 versa
1011 2157 1093 2219 vidit

192 2259 248 2300 nec
268 2238 301 2298 in
320 2247 439 2317 partem
463 2235 558 2297 aliam
578 2235 666 2309 ferre,
686 2235 828 2297 confirsus
847 2247 940 2316 atque
958 2238 1092 2298 incertus

192 2317 289 2379 animi
302 2337 342 2378 ex
356 2317 423 2379 loco
436 2316 546 2377 infesto
559 2335 650 2394 agere
702 2337 752 2376 rro
772 2327 945 2388 armentum
965 2318 1092 2397 occepit
1106 2318 1147 2380 25

193 2397 272 2459 Inde
285 2417 354 2458 cum
369 2405 455 2459 actae
468 2396 560 2459 boves
573 2335 723 2474 quadom
737 2397 778 2457 ad
792 2396 985 2471 desiderium,
999 2406 1035 2458 ut
1049 2397 1093 2471 fit,

192 2479 368 2540 relictarum
383 2476 560 2556 mugissent,
571 2475 692 2536 reddita
701 2476 889 2538 inclusarum
899 2498 938 2538 ex
948 2477 1095 2558 spelunca

193 2558 285 2619 boum
298 2577 361 2620 vox
375 2555 543 2618 Herculem
558 2557 717 2618 convertit.
759 2557 861 2634 Quem
880 2578 950 2619 cum
970 2558 1010 2619 ad
1030 2577 1095 2638 spe·

192 2638 316 2698 luncam
330 2638 491 2700 vadentem
513 2635 612 2696 Cacus
628 2636 661 2698 vi
681 2636 842 2716 prohibere
862 2647 988 2700 conatus
1009 2645 1094 2711 esset,

193 2719 273 2780 ictus
301 2717 401 2791 clava,
424 2717 515 2777 fidem
544 2725 700 2796 pastorum
726 2718 911 2797 nequiquam
937 2719 1094 2792 invocans,
1108 2717 1149 2781 30

192 2807 290 2860 morte
309 2797 461 2860 occubuit.

233 2879 380 2940 Evander
394 2887 460 2938 tum
475 2895 520 2950 ea,
535 2874 682 2956 profugus
703 2897 743 2938 ex
761 2876 978 2957 Peloponneso,
993 2887 1096 2940 aucto·

193 2959 284 3020 ritate
298 2959 396 3038 magis
431 2977 503 3017 uam
523 2956 653 3036 imperio
672 2956 797 3036 regebat
817 2957 895 3032 loca,
909 2958 1094 3021 venerabilis

192 3039 242 3100 vir
256 2979 601 3110 miraculoiitterarum
615 3037 660 3096 rei
674 3056 772 3098 novae
785 3037 865 3098 inter
878 3039 969 3099 rudes
981 3040 1095 3100 artium

192 3119 339 3192 homines,
360 3116 565 3180 venerabilior
589 3116 751 3180 divinitate
774 3117 891 3178 credita
914 3117 1095 3181 Carmentae
1109 3119 1149 3180 35

192 3199 309 3272 matris,
333 3218 427 3278 quam
450 3196 633 3275 fatiloquam
655 3206 727 3257 ante
751 3196 889 3278 Sibyllae
912 3198 946 3259 in
969 3199 1096 3261 Italiam

192 3279 362 3341 adventum
375 3277 504 3337 miratae
518 3296 571 3336 eae
584 3285 689 3355 gentes
702 3277 830 3338 fuerant.
874 3277 906 3337 Is
916 3288 983 3339 tum
993 3279 1096 3339 Evan-

192 3358 257 3431 der,
272 3377 421 3419 concursu
435 3364 591 3436 pastorum
606 3356 827 3434 trepidantium
841 3355 923 3416 circa
943 3356 1095 3416 advenam

192 3437 373 3500 manifestae
399 3455 487 3497 reum
514 3434 616 3496 caedis
642 3435 772 3508 excitus,
793 3443 954 3514 postquam
978 3433 1096 3492 facinus
