2628 3796
125 190 191 260 210
283 214 368 263 τιτι
393 216 490 268 a1v1
516 218 572 268 Aa
597 220 714 271 vana
741 223 933 276 oonnrrn

177 374 284 430 tunam
300 371 385 447 [cum
398 373 537 454 fortuna]
552 377 688 440 confers?
729 380 813 458 Quot
827 382 982 447 Romanos
993 387 1084 450 duces

176 449 340 525 nominem,
354 452 464 530 quibus
483 475 557 516 num
580 477 650 518 uam
671 459 799 522 adversa
817 463 943 525 fortuna
963 487 1086 548 pugnae

176 527 250 590 fuiti
272 530 404 610 Pagiuas
413 533 445 593 in
456 477 619 598 annaliirus
628 541 862 618 magistratuum
869 541 1086 628 fastisquepar·

177 626 298 670 currere
308 610 380 672 licet
388 613 547 674 consulum
558 616 811 700 dictatorumque,
821 643 952 702 quorum
960 647 1015 688 nec
1024 630 1086 691 vir·

143 685 251 748 ocutis
264 709 320 750 nec
334 690 474 752 fortunae
489 694 553 756 ullo
569 696 619 756 die
629 700 777 777 populum
793 703 968 766 Romanum
982 709 1086 786 paeni·
1131 752 1133 756 -

176 768 245 829 tuit
288 769 331 832 Et
351 791 411 850 quo
431 773 493 834 sint
507 775 709 838 mirabiliores
724 801 816 859 quam
828 783 1009 848 Alexander
1029 797 1086 850 aut

175 848 335 928 quisquam
356 871 421 924 rex,
435 853 528 914 denos
542 856 724 936 vicenosque
737 860 800 922 dies
814 865 940 942 quidam
954 866 1085 929 dictatu·

175 946 251 1000 ram,
266 949 354 990 uerno
372 930 445 1071 plus
468 953 560 1012 quam
579 956 696 998 annum
709 941 900 1004 consulatum
914 947 1022 1024 gessit3
1044 949 1084 1009 ab

175 1007 307 1069 tribunis
321 1010 371 1088 ple
393 1011 418 1072 is
432 1011 561 1074 dilectus
581 1017 713 1097 inpediti
726 1030 814 1096 sunt;
829 1032 897 1102 post
909 1034 1030 1106 tempus
1043 1029 1085 1090 ad

122 1082 162 1145 10
176 1085 260 1148 bella
279 1089 390 1164 iemnt,
403 1102 475 1154 ante
496 1102 616 1176 tempus
636 1101 828 1162 comitiorum
842 1123 934 1166 causa
947 1109 1085 1174 revocati

175 1169 1085 1266 sunt;inipsoconaturcmmcircumegitseannus3collegae

176 1267 258 1309 nunc
268 1251 431 1327 temeritas,
443 1275 525 1317 nunc
539 1259 677 1338 pravitas
688 1260 895 1340 inpedimento
906 1275 960 1326 aut
970 1267 1084 1329 damno

176 1328 253 1402 fuit;
275 1331 355 1392 male
422 1335 460 1396 tis
481 1337 572 1399 rebus
592 1338 718 1401 alterius
737 1362 907 1404 succesmm
928 1354 990 1420 est3
1012 1348 1084 1408 tiro-

174 1429 245 1470 nem
255 1420 310 1473 aut
383 1435 402 1475 a
416 1415 577 1497 disciplina
590 1419 765 1482 institutum
780 1423 948 1486 exercitum
962 1445 1085 1508 accepe-

122 1486 161 1548 15
175 1500 257 1554 runt
298 1491 345 1555 At
372 1494 496 1558 hercule
522 1519 607 1578 reges
635 1519 698 1561 non
725 1500 815 1562 liberi
841 1502 940 1565 solum
968 1507 1083 1586 inpedi-

175 1573 286 1635 mentis
320 1575 470 1650 omnibus,
497 1579 551 1640 sed
580 1579 698 1642 domini
723 1599 825 1642 rerum
852 1591 1083 1666 temporumque

174 1653 303 1716 trahunt
313 1656 447 1718 consiliis
459 1667 579 1732 cuncta,
590 1679 652 1721 non
665 1669 817 1723 secamur.
858 1663 998 1727 Invictus
1009 1687 1082 1747 ergo

174 1733 354 1800 Alexander
382 1757 452 1798 cnm
475 1738 599 1801 invictis
623 1738 753 1802 ducibus
776 1741 859 1804 bella
881 1745 1028 1838 gessisset,
1051 1756 1083 1810 ct

173 1815 280 1876 eadem
290 1816 431 1879 fortunae
445 1817 572 1899 pignera
581 1820 613 1879 in
624 1820 787 1882 discrimen
797 1823 969 1899 detulissem
987 1825 1081 1889 immo

118 1891 160 1954 20
173 1897 265 1958 stiam
277 1918 312 1960 eo
324 1897 394 1975 plus
404 1899 534 1978 periculi
548 1899 685 1974 subisset,
696 1902 778 1980 quod
791 1902 974 1967 Macedones
984 1925 1082 1968 unum

171 1975 387 2038 Alexandrum
413 1979 599 2052 habuissent,
624 1981 729 2042 multis
754 1982 873 2044 casibus
896 2004 958 2046 non
981 1987 1081 2049 solum

171 2056 348 2131 obnoxium,
372 2059 425 2120 sed
450 2060 542 2120 etiam
567 2060 740 2122 offerentem
766 2081 806 2136 se,
831 2063 964 2125 Romani
988 2067 1081 2128 multi

171 2137 298 2199 fuissent
312 2139 492 2202 Alexandro
507 2138 556 2202 vel
576 2140 675 2219 gloria
689 2141 739 2203 vel
753 2162 855 2203 rerum
869 2145 1081 2224 magnitudine

170 2237 268 2296 pares,
282 2239 412 2298 quorum
431 2239 486 2281 suo
506 2221 633 2300 quisquc
653 2221 726 2295 fato,
746 2223 812 2284 sine
831 2223 956 2302 publico
976 2226 1081 2288 discri-

118 2294 158 2356 25
171 2299 262 2372 mine,
277 2300 395 2362 viveret
408 2308 643 2380 merereturque.

211 2379 307 2442 XIX
339 2380 455 2454 Restat,
483 2390 519 2443 ut
545 2382 651 2460 copiae
678 2381 773 2461 copiis
801 2393 1005 2462 conparentur
1027 2386 1079 2449 vel

170 2479 298 2522 numero
311 2462 361 2524 vel
382 2463 515 2523 militum
535 2481 646 2541 genere
661 2462 712 2525 vel
733 2463 931 2526 multitudine
950 2466 1080 2527 auxilio·

169 2560 247 2601 rum.
289 2541 497 2604 censebantur
519 2543 582 2622 ejus
603 2543 712 2604 aetatis
734 2543 838 2604 lustris
859 2544 978 2607 ducena
991 2547 1079 2624 quin·

169 2640 310 2700 quagena
328 2623 415 2683 milia
436 2623 580 2703 capitum.
622 2621 733 2702 Itaque
753 2623 786 2682 in
806 2624 889 2683 omni
910 2624 1079 2688 defectione

113 2696 157 2759 '30
169 2701 319 2762 sociorum
334 2703 440 2764 Latini
454 2703 585 2766 nominis
604 2702 723 2764 urbano
737 2723 831 2783 prope
844 2704 959 2766 dilectu
973 2705 1079 2772 dacem

169 2780 382 2843 scribebantur
405 2783 554 2862 legionem
583 2783 725 2863 quaterni
752 2783 899 2863 quinique
925 2787 1079 2848 exercitus

168 2881 259 2941 saepe
282 2882 337 2941 per
360 2883 410 2924 eos
432 2884 527 2924 annos
551 2864 585 2924 in
609 2863 747 2938 Etruria,
768 2864 801 2927 in
815 2863 957 2938 Umbria,
977 2865 1079 2928 Gallis

169 2941 307 3003 hostibus
329 2943 490 3024 adjunctis,
511 2944 543 3002 in
566 2943 700 3019 Samuio,
721 2945 755 3006 in
777 2943 912 3006 Lucanis
930 2945 1079 3024 gerebant

169 3020 303 3085 bellum:
325 3023 452 3084 Latium
466 3023 576 3084 deinde
589 3044 678 3085 omne
691 3045 762 3086 cum
776 3024 899 3086 Sabinis
912 3034 943 3086 et
956 3025 1078 3088 Volscis

116 3097 156 3160 35
171 3111 201 3162 et
215 3102 331 3182 Aequis
345 3112 374 3164 ct
388 3103 472 3163 omni
486 3103 656 3183 Campania
670 3114 699 3166 et
713 3113 802 3184 parte
817 3103 966 3168 Umbriae
986 3106 1079 3167 Etru-

169 3183 294 3260 riaeque
327 3192 358 3243 et
391 3182 569 3243 Picentibus
595 3194 626 3244 et
653 3184 764 3245 Marsis
792 3184 1008 3265 Paelignisque
1041 3207 1079 3248 ac

169 3259 306 3322 Vestinis
319 3271 411 3340 atque
425 3261 547 3338 Apulis,
562 3262 708 3340 adjuncta
722 3265 806 3324 omni
820 3285 875 3325 ora
888 3265 1078 3328 Graecorum

169 3337 260 3399 inferi
285 3342 376 3400 maris
397 3361 416 3399 a
440 3339 564 3400 Thuriis
588 3341 741 3420 Neapolin
766 3353 798 3404 ct
817 3343 930 3406 Cumas
955 3354 986 3406 et
1006 3346 1080 3407 inde

168 3414 266 3478 Antio
281 3429 372 3498 atque
386 3418 480 3479 Ostiis
494 3427 590 3493 tenus,
605 3430 660 3482 aut
679 3423 776 3484 socios
790 3424 909 3487 validos
931 3425 1079 3490 Romanis
