2616 3790
454 252 588 300 mana
614 252 728 319 xx11,
756 234 886 304 26-27.
1108 235 1171 304 171

219 407 328 470 deinde
341 407 382 469 ad
396 407 524 470 honores
541 409 698 503 pervenit;
719 417 941 490 quaesturaque
954 417 985 472 et
999 407 1119 472 duabus

218 488 436 563 aedilitatibus,
450 489 570 569 plebeia
584 499 614 550 et
628 490 737 564 curuli,
752 499 903 570 postremo
924 498 955 552 et
974 500 1120 571 practura

216 568 403 648 perfunctus,
419 569 485 648 jam
505 569 547 630 ad
567 569 741 631 consulatus
761 591 846 651 spem
866 591 936 632 cum
956 571 1120 634 adtolleret

217 648 344 723 animos,
358 647 442 709 haud
457 669 566 729 parum
580 649 693 711 callide
712 671 822 712 auram
836 651 948 712 favoris
962 651 1119 732 popularis

216 747 255 821 ἢκ
270 729 428 869 dictqtoris
442 728 561 792 invidia
575 730 673 810 petiit,
686 730 815 811 scitique
834 730 932 812 plebia
952 750 1032 794 unus
1050 752 1119 813 gra·
1152 733 1174 796 5

216 816 291 869 tram
305 817 341 870 tn
354 818 389 870 rt.

256 887 372 982 Omnes
391 908 459 949 eam
479 889 677 969 rogationem,
691 890 806 971 quique
825 889 943 953 Romae
959 890 1072 985 quique
1086 891 1119 952 in

216 977 354 1031 exercitu
380 975 477 1044 erant,
502 969 593 1049 aequi
619 978 711 1049 atque
738 969 847 1050 iniqui,
870 980 991 1051 praeter
1017 991 1118 1050 ipsum

216 1049 408 1123 dictatorem,
428 1049 462 1110 in
482 1049 699 1112 contumeliam
720 1051 784 1131 ejus
803 1050 900 1111 latam
926 1060 1118 1130 acceperunt

215 1128 294 1208 Ipse,
310 1149 373 1209 qua
385 1129 540 1208 gravitate
559 1129 655 1191 animi
673 1129 869 1192 criminantes
881 1149 913 1192 se
926 1130 967 1191 ad
981 1130 1119 1193 multitu·
1133 1131 1173 1194 10

216 1209 320 1269 dinem
343 1209 482 1270 inimicos
506 1209 628 1283 tulerat,
643 1210 749 1271 eadem
769 1219 801 1271 et
820 1208 926 1304 populi
948 1209 982 1270 in
1003 1229 1035 1272 se
1056 1231 1119 1272 sac-

215 1289 328 1350 vientis
355 1289 500 1368 injuriam
528 1289 617 1365 tulit3
640 1289 833 1370 acceptisque
858 1309 890 1350 1n
919 1289 984 1370 ipso
1010 1290 1119 1353 itinere

215 1367 327 1430 litteris
339 1377 463 1431 senatus
476 1369 514 1430 de
528 1378 657 1450 aequato
670 1369 807 1451 imperio,
820 1368 895 1432 satis
915 1369 1011 1432 fidens
1030 1371 1119 1432 hant-

215 1468 370 1530 quaquam
391 1469 461 1510 cum
481 1449 602 1530 imperii
617 1451 688 1531 jure
708 1458 803 1512 artem
817 1449 990 1529 imperandi
1010 1470 1119 1530 aequa·

215 1537 288 1603 tam,
304 1548 373 1590 oum
388 1550 484 1610 aeque
498 1530 613 1593 invicto
626 1550 647 1591 a
660 1529 780 1594 civibus
793 1529 992 1610 hostibusque
1004 1529 1116 1606 animo,
1132 1532 1171 1594 15

215 1609 254 1670 ad
268 1609 439 1670 exereitum
452 1609 551 1672 rediit.

254 1688 404 1750 XXVIL
445 1689 601 1752 Minucius
614 1709 697 1765 vero,
711 1711 781 1752 cum
798 1691 864 1772 jam
884 1697 957 1752 ante
969 1689 1025 1752 vix
1045 1689 1118 1752 tola-

215 1767 322 1830 rabilis
349 1769 455 1831 fnisset
480 1771 624 1839 secundis
644 1771 735 1833 rebus
758 1792 795 1833 ac
815 1773 921 1834 favore
940 1769 1033 1850 volgi,
1051 1779 1118 1833 tnm

213 1849 322 1929 utique
338 1849 490 1911 inmodico
511 1851 738 1932 inmodesteque
751 1871 813 1913 non
827 1850 1007 1912 Hannibale
1020 1852 1116 1931 magis

214 1930 296 1992 victo
316 1929 357 1991 ab
377 1951 410 1992 se
429 1951 522 2011 quam
537 1931 576 2008 Q.
593 1931 692 1993 Fabio
711 1931 847 2012 gloriari.
887 1930 1002 1992 ‘Illum
1021 1930 1054 1991 in
1072 1953 1117 1993 re-
1131 1935 1172 1998 20

214 2008 270 2071 bus
284 2010 400 2091 asperis
413 2012 540 2072 unicum
553 2011 662 2072 ducem
676 2031 712 2072 ac
726 2032 831 2092 parem
845 2011 1016 2091 quaesitum
1030 2010 1118 2073 Han·

214 2089 320 2165 nibali‚
330 2092 475 2171 majorem
488 2091 608 2164 minori,
617 2091 797 2153 dictatorem
811 2092 956 2171 magistro
969 2092 1117 2171 equitum,

214 2171 295 2250 quod
315 2171 407 2231 nulla
425 2170 574 2243 memoria
593 2170 706 2233 habeat
727 2171 895 2245 annalium,
904 2172 992 2252 jussu
1009 2172 1117 2251 populi

213 2259 378 2330 aequatum
391 2251 424 2312 in
437 2252 545 2313 eadem
558 2252 694 2325 civitate,
705 2250 737 2312 in
752 2271 813 2332 qua
827 2251 965 2330 magistri
978 2251 1117 2331 equitum

214 2331 317 2410 virgas
339 2351 377 2392 ae
400 2352 519 2393 secures
542 2332 700 2394 dictatoris
724 2341 852 2394 tremere
875 2342 969 2411 atque
992 2331 1116 2393 horrere
1129 2333 1170 2396 25

213 2409 296 2472 soliti
329 2413 408 2487 sint;
442 2420 565 2474 tantum
591 2432 679 2474 snam
705 2412 885 2474 felicitatem
911 2412 1058 2474 virtutem
1079 2432 1118 2474 ue

212 2491 363 2554 enituisse.
405 2493 490 2572 Ergo
503 2502 678 2555 secuturum
691 2513 723 2553 se
736 2492 891 2554 fortunam
904 2510 1001 2565 suam,
1015 2491 1041 2552 si
1055 2432 1119 2553 dio-

213 2580 294 2633 tator
307 2573 341 2632 in
355 2572 549 2634 cunctatione
562 2595 599 2636 ac
612 2573 749 2653 segnitie,
761 2573 886 2635 deorum
897 2571 1117 2651 hominumque

212 2652 332 2731 judicio
342 2654 497 2729 damnata,
507 2655 674 2735 perstaret!
717 2653 835 2734 Itaque,
845 2675 905 2734 quo
919 2652 969 2714 die
982 2652 1116 2732 primum

211 2753 387 2813 congressus
406 2744 452 2795 ast
472 2755 543 2796 oum
565 2735 605 2812 Q.
626 2734 734 2808 Fabio,
749 2735 959 2796 ‘statuendum
978 2733 1114 2795 omnium
1129 2733 1169 2796 30

210 2814 362 2893 primum'
377 2817 422 2876 ait
436 2819 526 2889 ‘essa
540 2815 684 2896 quemad
699 2815 821 2876 modum
837 2814 966 2894 imperio
985 2821 1115 2894 aequato

211 2904 356 2957 utantur:
376 2916 408 2958 se
432 2905 592 2976 optumum
620 2897 739 2970 ducere,
764 2905 819 2957 aut
846 2895 952 2956 diebus
980 2891 1115 2968 alternis,

210 2984 274 3049 ant,
288 2976 313 3036 si
335 2977 451 3056 majora
470 2976 638 3039 intervalla
657 2977 822 3056 placerent,
837 2975 959 3056 partitis
973 2975 1116 3053 tempori·

210 3053 275 3129 bus,
290 3054 416 3118 alterius
436 3076 588 3118 summum
604 3058 656 3137 jus
676 3057 898 3137 imperiumque
919 3075 990 3128 esse,
1004 3064 1040 3114 ut
1057 3074 1115 3134 par

209 3134 289 3196 hosti
309 3157 370 3198 non
391 3137 490 3198 solum
512 3137 647 3211 consilio,
666 3137 720 3196 sed
738 3136 856 3198 viribus
876 3135 968 3196 etiam
989 3143 1074 3207 esset,
1088 3134 1114 3194 si
1128 3133 1167 3196 35

209 3235 301 3293 quam
316 3217 505 3278 occasionem
519 3217 563 3278 rei
577 3216 728 3296 gerendae
742 3215 914 3276 habuisset!
957 3213 997 3290 Q.
1014 3212 1112 3273 Fabio

208 3294 448 3377 haudquaquam
476 3297 508 3357 id
536 3296 673 3376 placere:
710 3295 829 3356 ‘omnia
862 3295 1019 3354 fortunam
1046 3312 1113 3352 eam

208 3373 363 3449 habitura,
377 3395 600 3456 quamcumque
614 3374 769 3436 temeritas
783 3373 927 3450 conlegae
940 3368 1113 3455 habuissem

206 3453 266 3515 sibi
294 3456 553 3517 communicatum
581 3473 651 3516 cum
678 3453 743 3526 illo,
763 3471 825 3511 non
849 3451 1037 3522 ademptum,
1059 3461 1113 3500 un·
