2628 3796
470 227 604 274 arses
630 210 868 294 xxx1X,40.
1105 211 1166 278 221

242 471 390 537 xxxrx,
405 455 459 519 40.
471 471 563 519 -ns
586 470 694 518 rosor
715 469 865 518 canorus
886 469 1019 522 means
1041 472 1087 520 nr

455 558 658 608 vsnsnrrnn
679 558 876 608 menerva.

251 707 323 769 XL.
364 707 550 770 Osrsunsnr
569 728 689 770 summa
708 708 901 770 contentione
919 707 1064 790 petebant
1077 708 1114 772 L
1168 777 1171 784 ,

210 787 356 852 Valerius
379 789 520 862 Flaccus,
543 789 577 850 P.
600 796 632 850 et
653 788 689 851 L.
712 787 877 869 Scipiones,
900 789 955 852 (ln.
978 789 1116 851 Manlius

209 868 316 942 Volso,
331 869 368 930 L.
384 869 496 929 Furius
512 868 662 948 Purpurio
705 868 815 944 atrioli,
850 869 940 930 lebeii
954 878 1056 930 autem
1070 870 1115 933 M.

210 947 338 1010 Porcius
352 947 437 1023 Cato,
452 947 496 1009 M.
512 949 642 1011 Fulvius
687 948 806 1025 obilior,
821 889 866 1010 lb
878 960 909 1011 et
922 949 966 1011 M.
977 949 1116 1092 Sempro·

209 1029 264 1102 nii,
279 1029 404 1108 Longus
418 1038 449 1090 et
462 1029 650 1102 'hiditanus5
663 1029 715 1090 sed
729 1050 832 1092 omnes
845 1030 989 1110 patricios
1002 1029 1054 1110 ple
1076 1031 1116 1091 ei·
1136 1017 1170 1091 ’δ

210 1129 302 1188 osque
322 1108 579 1170 nobilissimarum
600 1109 789 1170 familiarum
811 1110 856 1171 M.
878 1111 1003 1172 Porcius
1024 1109 1116 1191 longe

209 1189 355 1250 anteibat.
397 1189 435 1250 In
462 1190 520 1252 hoc
543 1191 611 1253 viro
638 1200 725 1251 tanta
749 1191 795 1252 vis
822 1191 916 1251 animi
940 1191 1115 1270 ingeniique

209 1269 278 1344 fuit,
292 1279 336 1344 ut,
357 1291 549 1350 quocumque
571 1272 638 1332 loco
661 1280 752 1332 natus
775 1279 860 1345 esset,
881 1271 1035 1332 fortunam
1055 1271 1115 1332 sibi

209 1350 274 1430 ipse
287 1351 424 1412 facturus
433 1351 525 1412 fuisse
535 1351 698 1414 videretur.
739 1350 838 1412 Nulla
848 1371 897 1411 ars
907 1371 1004 1432 neque
1036 1351 1115 1413 riva·

208 1439 259 1492 tae
277 1452 374 1512 neque
389 1431 531 1512 publicae
551 1433 596 1494 rei
617 1432 766 1511 gerendae
780 1433 808 1494 ei
822 1432 929 1492 deluit.
970 1371 1114 1494 Urbanas
1129 1427 1169 1490 10

208 1512 396 1592 rusticasque
409 1533 456 1574 res
469 1513 584 1592 pariter
594 1512 735 1574 callebat
775 1511 829 1575 Ad
842 1531 973 1572 summos
986 1511 1115 1572 honores

209 1593 285 1653 alios
319 1593 446 1655 scientia
475 1594 564 1673 juris,
592 1593 668 1654 alios
695 1592 877 1672 eloquentia,
905 1590 982 1652 elios
1015 1590 1115 1671 gloria

207 1673 350 1736 militaris
369 1674 528 1754 provexit3
549 1674 621 1736 huic
634 1674 776 1738 versatile
795 1672 952 1753 ingenium
971 1672 1015 1734 sic
1035 1672 1115 1752 pari·

207 1763 255 1815 ter
282 1755 323 1815 ad
347 1755 450 1816 omnia
472 1755 542 1830 fuit,
566 1765 601 1817 ut
627 1765 736 1816 natum
759 1753 855 1814 adid
879 1773 975 1814 unum
999 1752 1114 1814 diceres

208 1835 420 1916 quodcumque
433 1845 545 1916 ageret.
586 1835 625 1896 In
640 1835 721 1897 bello
734 1854 828 1895 manu
842 1833 1022 1895 fortissimus
1035 1833 1113 1893 mul·
1127 1829 1167 1890 15

207 1916 308 1995 tisque
327 1917 497 1996 insignibus
518 1916 618 1978 clarus
638 1916 765 1996 pugnis;
779 1915 877 1996 idem,
891 1924 1051 1994 postquam
1072 1913 1114 1974 ad

207 2017 334 2075 magnos
354 1998 482 2058 honores
502 1997 652 2077 pervenit,
673 2016 808 2058 summus
828 1996 1010 2076 imperator;
1031 1993 1113 2054 idern

207 2077 240 2138 in
253 2098 338 2158 pace,
348 2079 374 2139 si
383 2079 435 2158 jus
449 2077 627 2152 consuleres,
637 2077 845 2158 peritissimus,
855 2077 881 2138 si
895 2095 986 2138 causa
996 2075 1114 2137 oranda

206 2167 293 2232 esset,
314 2158 595 2238 eloquentissimus;
621 2179 678 2219 nec
702 2158 728 2218 is
750 2166 872 2219 tantum
895 2159 982 2237 cujus
1004 2155 1114 2235 lingua

206 2239 280 2301 vivo
304 2259 339 2301 eo
359 2240 501 2319 viguerit,
521 2248 753 2300 monumentum
777 2238 967 2318 eloquentiae
989 2236 1112 2297 nullum
1126 2230 1167 2293 20

207 2321 446 2394 exstet-vivit
459 2321 552 2381 immo
566 2321 709 2401 vigetque
723 2319 895 2399 eloquentia
909 2319 972 2398 ejus
992 2325 1114 2378 sacrata

205 2401 327 2481 scriptis
342 2401 438 2462 omnis
452 2401 579 2482 generis.
621 2399 781 2463 Orationes
795 2408 826 2461 et
839 2420 894 2480 pro
907 2419 939 2460 se
952 2397 1068 2458 multae
1081 2406 1113 2459 et

205 2501 263 2560 pro
282 2480 353 2542 aliis
366 2491 397 2543 et
410 2482 442 2542 in
457 2481 551 2554 alios;
572 2502 643 2542 nam
664 2502 726 2543 non
746 2481 845 2542 solum
865 2479 1044 2551 accusando,
1058 2477 1112 2538 sed

206 2562 300 2622 etiam
311 2582 433 2623 causam
445 2562 574 2623 dicendo
588 2563 732 2642 fatigavit
746 2561 893 2622 inimicos.
934 2558 1111 2621 Simultates

205 2642 302 2703 nimio
316 2642 417 2722 plures
431 2651 462 2705 et
475 2651 678 2704 exercuerunt
690 2663 760 2703 eum
774 2651 805 2703 et
818 2642 883 2722 ipse
892 2641 1029 2703 exercuit
1042 2660 1109 2713 eas3
1126 2636 1166 2698 25

205 2741 262 2783 nec
271 2722 364 2784 facile
373 2723 498 2796 dixeris,
508 2732 612 2783 utrum
626 2724 723 2804 magis
736 2723 877 2803 presserit
887 2743 956 2784 eum
966 2720 1112 2782 nobilitas

205 2817 248 2862 arr
261 2802 316 2863 ille
329 2803 495 2882 agitaverit
514 2803 716 2865 nobilitatem.
757 2803 868 2884 Asperi
889 2803 996 2884 procul
1017 2801 1111 2862 dubio

204 2883 302 2943 animi
325 2892 356 2944 et
379 2883 505 2962 linguae
527 2883 655 2944 acerbae
674 2892 705 2946 et
725 2883 888 2947 immodice
907 2884 1021 2946 liberae
1040 2882 1111 2956 fuit,

203 2962 256 3022 sed
270 2962 380 3025 invicti
394 2983 414 3023 a
427 2962 647 3042 cupiditatibus
661 2964 766 3038 animi,
778 2965 895 3044 rigidae
909 2963 1110 3037 innocentiae,

204 3051 394 3122 contemptor
426 3043 543 3122 gratiae
575 3051 603 3104 et
634 3044 822 3106 divitiarum.
863 3044 903 3105 In
915 3045 1109 3127 parsimonie,
1125 3037 1164 3100 30

203 3122 236 3181 in
252 3122 402 3201 patientia
416 3121 530 3183 laboris
551 3123 748 3203 periculique,
763 3125 853 3186 ferrei
867 3146 961 3205 prope
975 3125 1110 3205 corporis

202 3201 369 3281 animique,
378 3222 468 3281 quem
476 3222 515 3262 ne
522 3212 658 3263 senectus
669 3205 802 3283 quidem,
811 3225 889 3284 quae
897 3205 989 3268 solvit
998 3204 1109 3278 omnia,

202 3281 347 3360 fregerit;
372 3282 425 3360 qui
445 3291 565 3342 sextum
590 3292 621 3343 et
644 3285 860 3362 octogesimum
880 3305 996 3345 annum
1017 3303 1110 3360 agens

202 3381 327 3422 causam
349 3361 502 3438 [dixerit]
525 3362 588 3440 ipse
630 3383 663 3422 ro
684 3383 715 3422 se
735 3363 869 3423 oraverit
888 3363 1109 3439 scripseritque,

201 3441 397 3582 noqagesimo
418 3461 500 3504 anno
520 3440 584 3504 Ser.
604 3383 739 3504 delham
759 3441 799 3501 ad
820 3439 926 3519 populi
946 3437 1111 3500 adduxerit
1124 3433 1163 3493 35

205 3541 244 3604 Ju
267 3541 371 3584 rorum.
