2572 3790
518 217 652 266 arnna
677 217 703 284 1,
729 201 782 266 35.
1108 201 1151 265 tt

194 375 284 454 giuti,
311 373 438 436 cuilibet
461 373 650 454 superiorum
675 393 781 453 regum
804 372 879 434 belli
902 372 969 454 pao'
1006 381 1099 435 uest

194 455 313 516 artibus
340 463 371 515 et
398 453 497 533 gloria
524 473 588 532 par.
643 453 716 515 Jam
744 454 801 514 filii
828 473 922 533 prope
952 473 1097 532 pueram

194 543 327 594 aetatem
354 542 451 594 erant.
501 533 548 593 Eo
576 533 674 612 magis
700 533 885 612 Tarquinius
912 533 1034 604 instare,
1062 543 1098 594 ut

194 635 286 692 quam
308 613 442 693 primum
464 613 587 674 comitia
607 614 672 691 regi
692 612 824 673 creando
843 612 965 685 fierent;
986 612 1097 691 quibus

194 694 328 766 indietis,
342 692 400 753 sub
420 700 539 771 tempus
559 711 669 771 pueros
683 703 829 754 venatum
848 691 1013 771 ablegavit.
1055 692 1098 753 la
1131 691 1152 752 5

194 793 254 852 que
267 774 384 852 primus
397 781 428 833 et
441 772 550 852 petisse
569 771 728 831 ambitiose
742 791 870 850 regnum
885 781 916 832 et
929 773 1096 833 orationem

194 853 310 914 dieitur
329 852 470 914 babuisse
490 851 531 912 ad
552 850 760 911 conciliandos
777 850 876 930 plebis
894 851 1012 912 animos
1029 873 1097 913 oon·

194 933 335 1012 positam.
376 931 455 994 cum
468 951 500 993 se
513 951 574 992 non
588 950 653 990 rem
667 950 779 992 novam
794 939 906 1010 petere,
919 932 1032 1024 quippe
1044 932 1098 1011 qui

195 1033 257 1073 non
271 1014 394 1092 primus,
405 1012 487 1092 quod
500 1011 651 1092 quispiam
666 1010 822 1090 indignari
835 1011 980 1072 miramus
990 1023 1097 1091 posset,

195 1092 248 1152 sed
271 1095 378 1153 tertius
403 1093 519 1153 Romae
540 1090 719 1170 peregrinus
743 1110 871 1170 regnum
897 1090 1046 1164 adfectet;
1067 1101 1098 1154 et
1113 1089 1153 1149 10

196 1171 320 1233 'latium
333 1193 394 1232 non
409 1192 449 1233 ex
463 1172 623 1251 peregrino
641 1170 751 1245 solum,
765 1171 819 1232 sed
840 1171 931 1232 etiam
952 1191 991 1232 ex
1012 1172 1098 1234 hosta

195 1272 297 1332 regem
310 1252 435 1325 factum,
450 1263 481 1313 et
494 1251 630 1312 Numam
643 1251 787 1330 ignarum
803 1249 896 1324 urbis,
910 1271 972 1312 non
993 1265 1095 1332 peten-

195 1341 267 1405 tem,
281 1333 314 1391 in
327 1351 455 1411 regnum
473 1331 555 1391 ultro
575 1331 727 1403 accitum
747 1351 789 1405 se,
803 1351 843 1392 ex
857 1351 917 1410 quo
931 1331 978 1392 sui
992 1341 1098 1411 potens

196 1411 299 1484 fuerit,
310 1412 440 1473 Romam
450 1431 520 1471 oum
532 1411 661 1490 conjuge
675 1431 711 1470 ao
725 1410 856 1472 fortunis
869 1410 1010 1471 omnibus
1020 1432 1098 1472 eom-

196 1492 356 1570 migrusse3
377 1491 521 1571 majorem
536 1499 655 1569 partem
670 1491 779 1550 aetatis
794 1491 867 1570 ejus,
881 1509 944 1569 qua
957 1490 1098 1552 civilibus
1113 1487 1152 1548 15

196 1571 302 1632 officiis
321 1571 491 1651 fungantur
504 1570 651 1642 homines,
667 1569 784 1630 Romae
798 1591 830 1630 se
843 1589 936 1649 quam
950 1571 984 1630 in
997 1579 1099 1633 vetere

195 1653 297 1730 patria
307 1651 420 1714 vixisse
431 1672 439 1724 ;
453 1649 537 1710 domi
550 1649 741 1728 militiaeque
754 1648 810 1711 sub
825 1650 902 1711 baut
914 1650 1099 1730 paenitendo

195 1731 351 1810 magistro,
365 1731 429 1810 ipso
443 1729 534 1792 Anco
547 1749 625 1808 rege,
641 1729 782 1790 Romana
798 1750 830 1790 se
845 1731 927 1810 jura,
944 1731 1098 1793 Romanos

195 1811 273 1871 ritus
284 1811 440 1883 didicisse;
455 1809 598 1889 obsequio
612 1817 643 1870 et
658 1809 853 1871 observantia
867 1810 900 1870 in
914 1831 1016 1904 regem
1028 1797 1151 1872 eum*X

195 1890 345 1964 omnibus,
365 1890 554 1970 benignitate
573 1909 647 1968 erga
668 1889 743 1950 alios
765 1909 835 1950 oum
859 1909 930 1970 rege
951 1911 1016 1970 ipso
1036 1911 1098 1952 oer-
1113 1885 1153 1947 20

195 1970 424 2044 tassa;-haeo
446 1990 516 2030 eum
538 1969 616 2029 baut
639 1968 717 2029 falsa
738 1981 955 2031 memorantem
979 1971 1097 2051 ingenti

195 2070 342 2112 consensu
356 2049 488 2145 populus
502 2049 661 2110 Romanus
675 2068 802 2128 regnare
811 2050 910 2129 jussit

236 2131 321 2211 Ergo
336 2151 436 2193 mrum
457 2138 557 2190 cetera
578 2129 733 2207 egregium
753 2139 865 2203 seeum,
881 2150 974 2210 quarn
994 2130 1028 2190 in
1048 2151 1098 2210 pe·

194 2211 288 2272 tendo
309 2210 467 2284 babuerat,
488 2210 581 2270 etiam
606 2219 784 2287 regnantem
808 2209 936 2270 ambitio
957 2219 1020 2282 est;
1041 2231 1097 2272 neo

194 2292 297 2351 minus
311 2290 397 2370 regni
410 2291 459 2350 sui
472 2288 615 2349 firmandi
626 2307 719 2366 quam
733 2289 891 2366 augendae
901 2289 946 2350 rei
956 2290 1098 2370 publicae
1111 2281 1152 2343 25

194 2391 320 2445 memor,
335 2379 458 2432 eentum
478 2369 511 2430 in
531 2376 634 2448 patres
654 2367 738 2448 legit,
754 2368 808 2447 qui
822 2368 932 2430 deinde
945 2371 1097 2430 minorum

194 2451 332 2592 gentium
347 2459 419 2512 sunt
433 2448 591 2543 appellati,
602 2448 697 2509 factio
710 2449 789 2508 haut
801 2447 897 2510 dubia
910 2450 998 2529 regis,
1009 2451 1096 2531 eujus

218 2530 343 2591 eneiioio
355 2531 389 2590 in
403 2549 520 2591 curram
533 2537 690 2591 venerant.

236 2609 360 2671 Bellum
374 2610 507 2689 primum
522 2629 592 2669 oum
606 2607 728 2668 Ietinis
738 2607 837 2687 gessit,
849 2617 879 2670 et
893 2609 1040 2689 oppidum
1054 2610 1099 2671 ibi

194 2687 227 2750 A
250 2690 326 2752 iolas
335 2690 368 2752 vi
378 2690 473 2768 oepit;
488 2688 661 2769 praedaque
669 2688 741 2748 inde
750 2689 872 2768 majore,
881 2709 973 2769 quam
982 2701 1098 2769 quanta
1112 2681 1152 2743 30

194 2711 271 2830 beili
292 2770 375 2832 lama
394 2769 504 2842 fuerat,
519 2777 649 2856 revegta,
665 2767 752 2828 ludos
773 2768 947 2848 opulentius
967 2769 1096 2831 instruo-

193 2850 316 2930 tiusque
327 2870 418 2929 quam
429 2849 544 2928 priores
554 2867 638 2926 reges
649 2847 729 2907 fecit.
763 2845 850 2909 Tune
861 2851 994 2928 primum
1005 2850 1094 2924 circo,

216 2930 249 2989 ui
258 2949 340 2990 nune
352 2929 504 2988 maximus
517 2927 639 3000 dieitur,
651 2927 825 3005 designatus
836 2928 920 2990 loeus
930 2938 983 2991 est.
1011 2929 1095 2991 Loca

193 2950 294 3073 liviae
303 3007 444 3089 patribus
454 3007 675 3088 equitibusque,
689 3005 743 3065 ubi
756 3009 932 3086 spectacula
944 3009 1004 3072 sibi
1015 3011 1094 3089 quis·

215 3109 253 3149 ue
266 3090 419 3162 facerent3
439 3089 498 3150 fori
512 3085 670 3166 appellati.
711 3084 894 3164 Spectavere
910 3090 1005 3151 furcis
1024 3089 1097 3152 duo
1112 3091 1151 3152 35

193 3109 287 3230 lenos
308 3169 348 3230 ab
368 3177 451 3230 terra
473 3165 648 3247 spectacula
668 3163 734 3225 alta
753 3167 971 3229 sustinentibus
995 3170 1096 3248 pedes.

192 3247 364 3310 Ludierum
385 3248 445 3308 fuit
465 3247 534 3326 equi
555 3245 741 3324 pugilesque,
756 3265 795 3305 ex
816 3246 943 3308 Etruria
963 3250 1097 3309 maxime

192 3329 294 3390 acciti.
336 3327 504 3390 Sollemnes
527 3325 637 3385 deinde
661 3324 757 3383 annui
781 3345 919 3385 mansere
940 3326 1016 3396 ludi,
1036 3327 1096 3385 Ro

192 3408 278 3469 mani
293 3408 457 3488 magnique
469 3405 556 3468 varie
576 3402 735 3482 appellati.
776 3401 828 3461 Ab
849 3403 954 3462 eodem
975 3422 1045 3478 rege
1065 3411 1097 3462 et
