2572 3790
458 237 591 286 mana
617 238 643 304 1,
670 221 801 287 45-46.
1083 224 1126 290 65

213 395 337 458 XLVI.
379 394 502 457 Servius
513 414 698 474 quamquam
707 395 774 474 jam
788 414 844 454 usu
858 393 935 456 hant
944 358 1092 456 dubiuml

175 496 302 556 regnum
331 475 514 555 possederat,
541 483 653 547 tamen,
681 476 755 554 quia
780 474 934 535 interdum
960 475 1074 555 jactari

174 575 262 618 voces
276 576 296 616 a
305 558 420 637 juvene
434 553 600 633 Tarquinio
614 553 768 628 audiebat,
782 574 813 614 se
833 555 948 634 injussu
965 555 1074 634 populi

174 655 311 716 regnare,
326 635 490 697 conciliata
502 634 587 714 prius
601 634 760 695 voluntate
772 633 870 714 plebis
891 653 964 712 agro
985 645 1074 714 capto

174 737 214 776 ex
225 717 363 777 hostibus
373 717 489 777 viritim
504 714 611 787 diviso,
619 733 710 775 ausus
720 723 765 774 est
775 715 853 775 ferre
866 714 906 774 ad
916 714 1075 793 populum,
1108 715 1129 776 5

175 795 292 859 vellent
315 795 497 876 juberentne
520 815 551 854 se
575 814 719 872 regnare3
747 802 893 873 tantoque
920 813 1075 869 consensu,

175 886 291 956 quanto
305 875 388 936 haud
404 876 563 955 quisquam
580 873 658 934 alius
672 883 752 946 ante,
767 894 822 934 rex
835 884 880 935 est
894 873 1075 936 declaratus.

175 956 284 1035 Neque
304 976 341 1016 ea
361 976 408 1016 res
427 954 592 1034 Tarquinio
612 973 695 1033 spem
719 954 894 1014 adfectandi
914 955 1001 1034 regni
1021 955 1076 1016 mi-

175 1037 259 1108 nnit;
279 1036 373 1096 immo
386 1056 421 1096 eo
435 1034 597 1113 inpensius,
611 1033 736 1113 quiade
750 1053 823 1112 agro
837 1033 934 1113 plebis
947 1035 1077 1096 adversa

174 1126 299 1197 patrum
327 1115 486 1177 voluntate
512 1123 645 1175 senserat
679 1115 739 1193 agi,
767 1113 951 1176 criminandi
977 1115 1076 1176 Servii
1090 1114 1131 1178 10

176 1195 259 1275 apud
281 1208 382 1274 patres
403 1194 615 1272 crescendique
639 1195 672 1254 in
697 1194 783 1254 curia
806 1192 864 1254 sibi
888 1196 1076 1256 occasionem

176 1276 282 1336 datam
303 1287 387 1335 ratus
408 1285 462 1347 est,
482 1283 513 1334 et
536 1274 600 1352 ipse
619 1274 743 1354 juvenis
767 1273 901 1334 ardentis
925 1275 1021 1334 animi
1045 1285 1077 1336 et

176 1356 260 1416 dorni
281 1375 377 1416 uxore
397 1354 502 1415 Tullia
528 1354 698 1434 inquietum
725 1355 861 1414 animum
890 1353 1076 1415 stimulante.

176 1433 263 1495 Tulit
283 1435 365 1496 enim
385 1444 416 1495 et
436 1435 577 1496 Romana
596 1435 680 1514 regia
700 1434 820 1496 sceleris
844 1445 873 1494 tr
913 1435 954 1495 ici
978 1453 1077 1494 exem-

176 1517 274 1596 plum,
288 1528 323 1577 ut
337 1515 437 1577 taedio
452 1536 557 1594 regum
572 1515 719 1575 maturior
733 1515 851 1577 veniret
870 1513 892 1573 li
914 1513 1077 1594 ertas‚ulti·
1093 1513 1131 1574 15

177 1617 322 1676 mumque
335 1617 462 1676 regnum
478 1605 562 1670 esset,
577 1596 658 1676 quod
672 1596 784 1656 scelere
797 1608 921 1676 partum
935 1597 1022 1658 foret.

218 1677 282 1738 Hic
305 1677 342 1738 L.
364 1677 549 1757 Tarquinius
572 1677 685 1755 (Prisci
713 1678 861 1757 Tarquini
889 1679 968 1758 regis
995 1678 1077 1742 filius

177 1781 309 1840 neposne
329 1761 430 1834 fuerit,
451 1780 559 1839 parum
581 1759 696 1839 liquet;
717 1759 858 1838 pluribus
881 1769 984 1821 tamen
1008 1781 1078 1824 auc-

177 1840 295 1904 toribus
308 1840 406 1902 filium
420 1841 583 1921 ediderim)
598 1841 724 1902 fratrem
746 1841 895 1903 habuerat
908 1841 1075 1904 Arruntem

177 1923 389 2003 Tarquinium,
402 1922 485 1984 mitis
498 1922 613 2002 ingenii
623 1923 777 2002 juvenem.
819 1922 879 1983 His
900 1923 1026 1998 duobus,
1041 1933 1077 1985 ut
1091 1922 1131 1985 20

177 2014 249 2066 anta
263 2003 380 2064 dictum
395 2012 447 2076 est,
462 2003 542 2064 duae
555 2001 686 2075 Tulliae,
700 2004 780 2082 regis
798 2003 887 2076 filiae,
901 2014 1076 2084 nupserant,

177 2095 208 2146 et
221 2086 305 2164 ipsae
319 2083 408 2162 longe
419 2084 553 2162 dispares
567 2082 711 2144 moribus.
753 2083 846 2144 Forte
860 2086 905 2145 ita
919 2085 1077 2158 inciderat,

177 2186 216 2226 ne
230 2166 291 2226 duo
305 2164 440 2227 violenta
454 2163 577 2242 ingenia
590 2164 784 2224 matrimonio
795 2166 1005 2244 jungerentur,
1019 2165 1077 2226 for-

177 2255 263 2319 tuna,
285 2245 384 2318 credo‚
405 2243 511 2323 populi
534 2243 676 2316 Romani,
699 2265 759 2323 quo
787 2245 961 2306 diuturnius
989 2247 1075 2308 Servi

177 2345 305 2406 regnum
333 2333 410 2385 esset
436 2323 639 2402 constituique
666 2323 800 2385 civitatis
829 2346 925 2386 mores
946 2336 1076 2405 possent.
1091 2326 1130 2386 25

177 2404 361 2485 Augebatur
374 2404 460 2464 ferox
474 2401 588 2475 Tullia,
603 2403 683 2462 nihil
696 2405 841 2466 materiae
855 2405 886 2464 in
901 2406 966 2466 viro
980 2427 1078 2486 neque

178 2487 218 2546 ad
248 2484 448 2564 cupiditatem
475 2503 573 2562 neque
599 2483 639 2543 ad
667 2484 828 2545 audaciam
849 2505 928 2559 esse;
956 2494 1022 2547 tota
1042 2489 1075 2547 in

176 2565 308 2634 alterum
329 2583 436 2624 aversa
455 2562 656 2642 Tarquinium
675 2584 743 2624 curn
762 2565 877 2638 mirari,
891 2586 960 2627 eum
974 2567 1076 2629 virum

177 2646 279 2706 dicere
299 2665 335 2704 ao
355 2643 438 2722 regio
458 2643 608 2722 sanguine
627 2652 745 2716 ortum;
773 2664 913 2724 spernere
933 2667 1075 2720 sororem,

176 2724 268 2805 quod,
283 2724 385 2786 virum
403 2731 504 2796 nacta,
519 2722 661 2783 muliebri
676 2733 805 2785 cassaret
818 2725 957 2787 audacia
999 2728 1076 2789 Oun-
1091 2726 1130 2788 30

175 2805 274 2866 trahit
288 2803 426 2865 celeriter
438 2801 606 2864 similitudo
620 2824 678 2877 eos,
693 2813 728 2864 ut
742 2804 804 2865 fere
818 2805 852 2866 fit
865 2806 980 2868 malum
995 2807 1077 2869 malo

175 2885 385 2965 aptissimum
407 2883 459 2944 sed
480 2883 604 2943 initium
624 2883 770 2944 turbandi
795 2885 897 2946 omnia
921 2907 941 2948 a
961 2888 1077 2949 femina

174 2974 277 3026 ortum
292 2971 345 3024 est
380 2962 429 3023 Ea
442 2962 564 3024 secretis
574 2962 633 3024 viri
647 2963 740 3024 alieni
750 2964 926 3027 adsuefacta
935 2969 1077 3029 sermoni-

175 3045 243 3118 bus,
258 3044 353 3104 nullis
367 3041 531 3105 verborum
546 3043 738 3105 contumeliis
751 3065 884 3123 parcere,
899 3046 937 3107 de
950 3049 1018 3110 viro
1035 3048 1075 3109 ad

175 3125 313 3197 fratrem,
328 3123 366 3183 de
379 3142 481 3183 sorore
496 3121 536 3182 ad
551 3122 670 3196 virum;
691 3132 766 3184 etse
780 3125 892 3186 rectius
906 3127 1033 3188 viduam
1046 3139 1076 3190 et
1091 3124 1129 3186 35

175 3204 266 3266 illum
282 3201 428 3264 caelibem
444 3201 582 3260 futurum
597 3200 690 3262 fuisse
703 3203 893 3274 contendere,
902 3226 994 3284 quam
1006 3226 1076 3268 cum

175 3282 279 3364 inpari
289 3282 389 3362 jungi,
403 3288 438 3341 ut
450 3281 724 3360 elanguescendum
737 3282 839 3343 aliena
853 3284 977 3362 ignavia
989 3295 1075 3346 asset.

176 3364 210 3426 si
234 3363 293 3424 sibi
315 3382 395 3434 eum,
419 3380 479 3440 quo
504 3360 599 3440 digna
619 3363 707 3433 esset,
725 3361 768 3420 dii
790 3361 943 3423 dedissent
965 3365 1077 3434 virum,

140 3501 145 3508 .
177 3443 262 3506 domi
285 3463 317 3503 se
362 3461 435 3520 rope
458 3440 540 3500 diem
561 3439 696 3501 visuram
722 3460 850 3518 regnum
874 3441 974 3512 fuisse,
995 3439 1090 3516 quod.

280 3521 339 3569 5-
369 3519 424 3583 ivy.
