2616 3790
128 222 192 287 180
264 239 356 286 u1r1
384 240 483 290 n1v1
510 239 565 287 An
593 241 708 288 vana
736 239 929 288 conum

180 395 259 456 idern
274 405 393 474 tempus
408 395 440 455 la
462 395 562 456 idibus
576 396 718 476 pluvisse,
731 405 761 458 et
771 395 868 457 multo
879 416 984 457 cruore
994 397 1082 476 signa

180 476 212 536 in
239 475 360 537 Sabinis
392 417 519 549 eadirasc,
547 483 573 537 et
607 497 701 556 aquas
729 476 813 538 fonte
840 476 940 537 calido
966 478 1081 556 pelides

177 571 331 624 manasse3
355 554 401 626 (id
416 554 540 630 quidem
558 552 660 621 etiam,
675 553 757 631 quod
777 554 897 634 saepius
918 556 1083 630 acciderat,

178 631 276 711 magis
295 630 468 709 terrebat;)·
483 640 514 692 et
533 631 567 691 in
581 632 633 693 via
653 631 829 707 Fornicata,
845 654 923 713 quae
941 635 981 695 ad
996 635 1084 696 Cam·

145 713 252 792 bpum
267 720 340 784 erat,
357 710 475 790 aliquot
487 711 625 772 homines
642 711 681 772 de
701 711 786 773 caelo
807 713 881 774 tacti
903 715 1084 776 exanimati·

178 812 237 870 que
250 791 380 854 fuerant.
423 791 471 852 Ea
491 791 632 871 prodigia
646 812 686 852 ex
699 791 787 852 libris
809 803 983 872 procurata.
1025 795 1083 856 Le·

177 871 243 950 gati
268 891 288 932 a
312 871 421 932 Paesto
449 880 569 951 pateras
596 883 703 932 aureas
732 870 866 933 Romam
894 873 1084 938 adtulerunt.

179 951 230 1024 lis,
254 951 334 1013 sicut
361 951 585 1033 Neapolitanis,
610 953 728 1032 gratiae
755 963 852 1027 actae,
880 974 989 1014 aurum
1020 975 1083 1016 non

178 1041 346 1110 acceptum.

127 1113 165 1175 10
218 1111 401 1174 XXXVII.
442 1111 503 1173 Per
526 1111 645 1174 eosdem
670 1112 733 1174 dies
759 1113 799 1173 ab
820 1113 958 1176 Hierone
978 1113 1083 1176 classis

178 1191 266 1253 Ostia
293 1213 363 1253 cum
391 1213 503 1272 magno
531 1202 702 1254 commeatu
733 1195 868 1255 accessit.
910 1193 1021 1273 Legati
1048 1196 1082 1256 in

177 1282 317 1333 senatum
337 1272 505 1334 introducti
525 1272 709 1334 nuntiarunt
730 1272 871 1334 ‘caedem
889 1273 923 1334 O.
944 1274 1082 1336 Flamini

179 1353 310 1413 consulis
343 1353 556 1432 exercitusque
590 1353 728 1413 adlatam
756 1353 833 1414 adeo
861 1375 950 1434 aegre
979 1355 1083 1416 tulisse

179 1453 280 1512 regem
294 1432 471 1506 Hieronem,
485 1443 521 1494 ut
539 1432 626 1494 nulla
645 1453 702 1494 sua
722 1434 848 1514 propria
869 1436 1013 1514 regnique
1034 1437 1082 1496 sui

126 1514 165 1576 15
180 1512 268 1573 clade
294 1514 409 1574 moveri
436 1513 534 1592 magis
561 1514 705 1592 potuerit.
748 1514 867 1594 Itaque,
895 1535 1081 1594 quamquam

201 1593 273 1654 robe
296 1593 373 1654 sciat
396 1593 640 1674 magnitudinem
666 1594 773 1674 populi
798 1594 933 1655 Romani
952 1595 1083 1656 admira·

178 1614 318 1734 biliorem
342 1693 438 1753 prope
459 1672 596 1736 adversis
621 1673 710 1735 rebus
736 1695 829 1754 quam
851 1674 990 1735 secundis
1010 1696 1081 1750 esse,

179 1761 282 1813 tamen
305 1773 336 1814 se
359 1755 471 1827 omnia,
493 1754 603 1834 quibus
624 1775 643 1815 a
665 1754 752 1816 bonis
774 1753 974 1834 fidelibusque
994 1756 1083 1817 sociis

179 1833 262 1894 bella
281 1834 386 1913 juvari
410 1834 537 1908 soleant,
562 1835 694 1908 misisse;
716 1855 794 1915 qnae
815 1854 854 1895 ne
874 1835 1011 1914 accipere
1031 1836 1083 1896 ab

125 1914 165 1976 20
179 1922 286 1987 nuent,
295 1933 408 1990 magno
419 1935 508 1995 opere
521 1935 553 1976 se
566 1925 666 1996 patres
682 1914 867 1995 conscriptos
879 1934 973 1976 orare.
1008 1915 1031 1978 J
1032 1937 1082 1976 am

178 1995 315 2055 omnium
342 1995 476 2074 primum
503 1996 612 2056 ominis
641 2015 733 2057 causa
757 1994 931 2057 Victoriam
958 2015 1083 2056 auream

178 2072 279 2154 pondo
300 2075 464 2136 ducentum
484 2097 520 2137 ac
534 2076 647 2156 viginti
668 2076 788 2136 adferre
809 2095 888 2136 sese:
910 2075 1084 2155 acciperent

179 2175 247 2215 eam
265 2165 462 2235 tenerentque
476 2165 507 2218 et
520 2156 667 2218 haberent
682 2156 838 2295 propriam
852 2164 883 2216 et
895 2167 1082 2236 perpetuam.

178 2233 350 2298 Advenisse
368 2236 461 2296 etiam
482 2245 618 2298 trecenta
639 2236 681 2295 mi
695 2236 726 2296 ia
747 2236 884 2296 modium
904 2236 1009 2310 tritici,
1029 2237 1083 2297 du·

124 2315 165 2376 25
179 2325 267 2376 centa
290 2315 406 2390 hordei,
430 2337 470 2378 ne
494 2326 679 2378 commeatus
708 2316 853 2389 deessent,
877 2323 908 2376 et
932 2325 1083 2395 quantum

201 2406 335 2458 raeterea
368 2418 443 2478 opus
476 2406 562 2472 esset,
590 2418 650 2477 quo
680 2395 848 2476 jussissent,
876 2395 1082 2457 subventuros.

178 2417 281 2538 iuliae
301 2486 393 2556 atque
412 2477 514 2558 equite
529 2478 606 2539 seire
620 2478 680 2538 nisi
695 2475 836 2537 Romano
851 2473 1016 2554 Latinique
1030 2495 1082 2536 no

178 2557 269 2618 minis
282 2578 343 2618 non
359 2557 405 2620 uti
418 2560 565 2638 populum
580 2557 773 2630 Romanum;
795 2555 910 2617 levium
927 2575 1083 2616 armorum

178 2637 298 2698 auxilia
324 2639 417 2699 etiam
444 2648 571 2701 externa
595 2639 706 2700 vidisse
729 2636 761 2696 in
784 2636 890 2698 castris
916 2635 1082 2697 Romanis:

125 2717 166 2778 30
178 2717 282 2798 itaque
308 2719 423 2780 misisse
449 2719 535 2782 mille
561 2740 595 2781 sa
617 2719 790 2781 ittariorum
820 2736 857 2776 ao
881 2715 1083 2790 firnditorum,

178 2806 284 2878 aptam
298 2819 423 2859 manum
443 2799 588 2861 adversus
632 2799 742 2860 aliares
764 2817 800 2858 ac
822 2796 947 2857 Mauros
967 2814 1084 2875 pugna·

179 2898 288 2957 cesque
310 2877 387 2939 alias
407 2879 515 2940 missili
535 2881 596 2942 telo
616 2878 739 2960 gentes!
782 2876 835 2938 Ad
856 2895 892 2936 ea
913 2875 993 2936 dona
1013 2895 1083 2937 con·

177 2957 281 3020 silium
301 2979 420 3039 quoque
441 2959 605 3034 addebant,
626 2968 662 3020 ut
683 2964 830 3038 ‘praetor,
852 2955 903 3015 cui
923 2954 1084 3035 provincia

178 3038 285 3100 Sicilia
305 3040 459 3113 evenisset,
475 3039 600 3101 classem
621 3039 654 3100 in
669 3039 811 3100 Africam
833 3036 984 3108 traiceret,
999 3045 1034 3095 ut
1052 3045 1084 3098 et

124 3119 165 3193 35
179 3119 278 3180 hostes
291 3119 325 3179 in
338 3128 421 3180 terra
440 3140 496 3180 sua
516 3118 631 3180 bellum
651 3119 807 3190 haberent,
823 3117 983 3195 minusque
995 3107 1083 3175 laxa·

178 3199 274 3260 menti
288 3198 414 3259 daretur
427 3199 464 3260 iis
479 3198 518 3260 ad
532 3199 652 3260 auxilia
665 3195 840 3258 Hannibali
854 3195 1081 3256 submittenda’

218 3277 271 3338 Ab
291 3287 397 3337 senatu
418 3279 463 3339 ita
483 3298 529 3338 res
551 3299 658 3338 oneum
679 3277 743 3356 regi
764 3286 818 3349 est,
833 3277 952 3338 ‘virum
967 3274 1082 3337 bonum

178 3357 393 3436 egregiumque
406 3357 522 3416 socium
570 3357 700 3417 ieronem
712 3377 783 3428 esse,
793 3365 884 3434 atque
896 3375 956 3415 uno
968 3364 1083 3430 tenore,

177 3455 218 3498 ex
238 3455 299 3516 quo
319 3435 353 3494 in
372 3435 540 3496 amicitiam
560 3435 668 3516 populi
686 3435 821 3497 Romani
841 3435 968 3506 venerit,
989 3434 1082 3496 fidem
