2616 3790
467 263 600 311 mona
625 245 889 330 xx11,13-14.
1108 247 1171 314 157

222 419 395 484 Allifanum
407 420 654 501 Callifanumque
668 430 699 483 et
707 420 856 483 Calenum
870 441 979 502 agrum
993 421 1026 482 in
1040 442 1120 483 cam·

221 525 293 584 pum
318 501 477 564 Stellatem
502 502 665 564 descendit.
707 502 772 564 Ubi
796 523 866 563 cum
890 501 1044 564 montibus
1064 502 1120 564 flu·

220 583 414 662 minibusque
427 583 561 643 clausam
575 583 728 662 regionem
747 582 1018 662 circumspexisset,
1032 603 1121 645 voea-

218 673 286 726 tum
306 664 415 723 ducem
437 672 662 743 percunctatur,
677 663 731 723 ubi
747 671 898 724 terrarum
914 671 1000 724 esset.
1040 661 1120 724 Cum

219 745 245 805 is
259 742 386 806 Casilini
400 763 435 804 eo
449 743 498 803 die
509 762 684 803 mansurum
696 763 764 802 eum
776 742 912 816 dixisset,
920 752 987 803 tum
997 742 1120 804 demum
1154 740 1175 802 5

220 825 360 904 cognitus
374 832 419 884 est
432 843 523 896 error,
533 832 564 882 et
577 822 721 883 Casinum
733 822 824 901 longe
837 820 910 883 inde
922 822 985 883 alia
999 823 1120 902 regione

219 926 297 975 essm
319 904 471 983 virgisque
485 923 571 963 caeso
585 903 662 963 duce
675 913 707 964 et
720 903 760 962 ad
774 902 959 981 reliquorum
974 911 1120 964 terrorem

220 987 252 1044 in
267 1005 387 1046 crucem
407 983 538 1056 sublato,
559 983 664 1044 castris
685 982 888 1057 communitis,
906 981 1120 1044 Maharbalem

220 1085 289 1126 oum
313 1064 466 1142 equitibus
491 1063 523 1122 in
549 1083 655 1140 agrum
681 1062 848 1123 Falernum
871 1062 1053 1142 praedatum
1076 1063 1121 1124 di·

219 1145 311 1205 misit.
353 1143 458 1224 Usque
472 1143 512 1203 ad
527 1162 621 1222 aquas
635 1142 831 1204 Sinuessanas
841 1142 999 1223 populatio
1009 1163 1045 1204 ea
1055 1163 1121 1222 per·
1135 1144 1176 1205 10

219 1225 312 1286 venit.
354 1222 515 1302 Ingentem
529 1223 656 1298 cladem,
671 1223 777 1302 fugam
797 1232 900 1284 tamen
917 1233 1122 1304 terroremque

220 1304 320 1378 latius,
336 1303 491 1364 Numidae
505 1304 660 1376 fecerunt;
681 1324 738 1364 nec
758 1311 863 1364 tarnen
884 1304 910 1364 is
929 1311 1036 1376 terror,
1050 1323 1120 1364 cum

220 1386 322 1445 omnia
342 1383 424 1445 bello
444 1384 619 1463 flagrarent,
634 1383 693 1444 fide
713 1384 807 1444 socios
823 1383 963 1457 dimovit,
978 1383 1123 1445 videlicet

220 1466 292 1544 quia
300 1465 384 1545 justo
396 1473 427 1524 et
437 1465 593 1524 moderato
604 1463 787 1544 regebantur
797 1463 935 1543 imperia,
945 1482 1001 1523 nec
1011 1462 1123 1523 abnue-

220 1543 303 1616 bant,
312 1544 394 1624 quod
403 1563 498 1603 unum
508 1544 668 1606 'vinculum
676 1543 746 1603 fidei
755 1553 809 1616 est,
818 1541 996 1604 melioribus
1004 1563 1120 1623 parere.
1136 1543 1176 1604 lb

259 1624 353 1686 XIV.
395 1624 440 1686 Ut
456 1644 538 1698 vero,
560 1634 719 1703 postquam
739 1623 780 1683 ad
794 1622 987 1685 Vulturnum
1007 1623 1122 1684 flumen

220 1714 318 1766 castra
338 1713 410 1765 sunt
430 1704 538 1784 posita,
553 1703 739 1765 exurebatur
759 1703 987 1765 amoenissimus
1007 1703 1121 1765 Italiae

220 1805 292 1864 ager
310 1784 464 1862 villaeque
484 1785 596 1863 passim
616 1784 765 1845 incendiis
785 1782 955 1858 fumabant,
975 1804 1030 1864 per
1045 1785 1123 1865 juga

220 1864 345 1925 Massici
365 1865 476 1925 montis
495 1863 595 1924 Fabio
609 1864 747 1938 ducente,
761 1871 828 1924 tum
840 1884 936 1944 prope
949 1864 988 1925 de
1001 1864 1122 1945 integro

219 1945 327 2005 seditio
355 1964 502 2018 aceensa3
523 1946 704 2024 quieverant
727 1944 809 2004 enim
833 1963 888 2023 per
911 1964 1023 2024 paucos
1046 1945 1120 2019 dies,
1136 1945 1176 2008 20

220 2026 302 2104 quia,
316 2045 386 2085 cum
408 2024 535 2085 celerius
556 2024 644 2085 solito
665 2024 793 2085 ductum
812 2045 923 2103 agmen
943 2034 1027 2098 esset,
1041 2025 1122 2086 festi·

220 2105 287 2165 nari
301 2105 341 2165 ad
356 2104 578 2184 prohibendam
589 2104 838 2184 populationibus
849 2105 1050 2184 Campaniam
1060 2126 1122 2167 cre·

220 2185 371 2246 diderant
413 2184 460 2248 Ut
472 2205 545 2247 vero
564 2185 598 2244 in
614 2193 752 2246 extrema
768 2185 804 2266 ju
827 2205 845 2246 a
865 2185 989 2247 Massici
1009 2186 1122 2246 montis

220 2273 355 2338 ventum,
370 2274 401 2325 et
416 2266 514 2325 hostes
528 2264 584 2325 sub
599 2265 696 2326 oeulis
710 2275 798 2325 erant
840 2265 938 2326 alerni
999 2266 1026 2326 ri
1044 2266 1123 2328 colo-

220 2365 389 2423 norumque
416 2344 575 2405 Sinuessae
608 2352 690 2406 tecta
720 2353 850 2419 urentes,
878 2365 935 2406 nee
961 2366 981 2406 u
996 2345 1027 2406 la
1055 2356 1122 2407 erat
1136 2347 1176 2408 25

219 2425 334 2486 mentio
355 2445 485 2504 pugnae,
508 2430 525 2456 “
534 2434 703 2504 spectatum
724 2425 785 2486 huc
797 2425 814 2451 ”
836 2425 937 2506 iuquit
957 2425 1122 2502 Minucius,

222 2509 284 2566 “ut
310 2525 375 2564 rem
401 2505 563 2566 fruendam
590 2505 696 2578 oeulis,
716 2505 866 2566 sociorum
894 2505 1000 2566 caedes
1023 2516 1054 2567 et
1078 2506 1123 2567 in-

221 2584 330 2646 cendia
356 2585 517 2648 venimus?
549 2605 616 2660 nec,
642 2585 669 2646 si
696 2585 812 2646 nullius
838 2585 974 2660 alterius,
1001 2605 1057 2647 nos
1084 2608 1123 2648 ne

221 2665 335 2726 civium
349 2665 473 2744 quidem
487 2665 597 2727 horum
609 2665 713 2746 pudet,
724 2687 799 2746 quos
813 2665 986 2726 Sinuessam
1001 2667 1122 2728 colonos

221 2755 321 2824 patres
334 2747 430 2806 nostri
443 2745 600 2819 miserunt,
614 2756 649 2807 ut
663 2746 703 2808 ab
716 2745 853 2807 Samnite
866 2746 952 2808 hoste
965 2755 1033 2808 tuta
1046 2747 1121 2808 haec
1136 2749 1176 2810 30

221 2845 275 2884 ora
294 2834 378 2898 esset,
399 2846 490 2905 quam
511 2846 594 2887 nunc
615 2837 677 2887 non
695 2827 815 2889 vicinus
835 2826 956 2888 Samnis
976 2828 1049 2901 urit,
1069 2827 1122 2888 sed

222 2904 340 2965 Poenus
354 2905 484 2978 advena,
498 2906 538 2966 ab
552 2907 696 2968 extremis
716 2905 798 2966 orbis
818 2915 970 2967 terrarum
983 2907 1121 2967 terminis

221 2994 325 3045 nostra
345 2986 538 3047 cunctatione
558 2996 589 3047 et
608 2985 746 3048 socordia
762 2987 828 3067 jam
848 2987 909 3048 hue
928 2988 1122 3066 progressus?

221 3064 364 3139 Tantum,
391 3067 464 3146 prol
493 3066 709 3146 degeneramus
738 3088 757 3127 a
784 3066 923 3146 patribus
946 3068 1066 3140 nostris,
1087 3076 1122 3127 ut

221 3153 448 3225 praeterquam
469 3167 553 3206 oram
568 3147 615 3206 illi
629 3147 762 3208 Punicas
776 3147 884 3226 vagari
905 3145 1014 3208 classes
1033 3147 1123 3208 dede-
1136 3147 1175 3207 35

221 3245 274 3285 cus
288 3245 350 3285 esse
363 3227 485 3305 imperii
499 3226 546 3287 sui
560 3226 715 3301 duxerint,
730 3247 798 3286 eam
814 3246 897 3286 nunc
910 3227 1035 3305 plenam
1054 3225 1122 3286 hos·

221 3305 299 3365 tium
334 3305 600 3384 Numidarumque
632 3327 668 3367 ae
696 3306 876 3367 Maurorum
906 3306 974 3384 jam
1007 3306 1121 3363 factam

221 3385 399 3446 videamus?
441 3385 505 3462 Qui
525 3386 625 3459 modo,
638 3385 811 3464 Saguntum
832 3383 1004 3460 oppugnari
1024 3380 1122 3466 indig-

223 3464 333 3538 nando,
348 3485 409 3525 nou
431 3464 568 3527 homines
588 3473 719 3537 tantum,
732 3461 786 3523 sed
800 3461 922 3520 foedera
936 3467 967 3516 et
981 3457 1051 3514 deos
1065 3472 1122 3512 cre-
