2616 3790
470 195 605 243 mssa
630 195 744 263 xx11,
772 178 857 245 7-8.
1098 179 1159 244 151

206 373 347 427 caesum;
381 372 535 432 superesse
562 373 684 431 paucos,
712 360 767 412 aut
800 351 875 432 fuga
908 351 1021 432 passim
1055 372 1110 432 per

208 434 369 495 Etruriam
383 453 502 511 sparsos
518 441 573 493 aut
587 441 691 512 captos
710 432 750 492 ab
771 432 875 493 boste'
917 433 1002 510 Quot
1023 453 1109 493 casus

207 514 360 576 exercitus
373 513 449 574 victi
469 512 600 585 fuerant,
614 520 661 573 tot
681 513 714 572 in
735 533 822 572 curas
842 511 889 572 dis
928 512 994 573 rtiti
1014 513 1109 573 animi

207 615 312 656 eorum
328 602 424 666 erant,
435 612 565 670 quorum
579 592 742 671 propinqui
754 591 812 652 sub
826 591 860 653 O.
901 593 1028 654 laminio
1041 613 1111 654 con-

206 675 274 740 sule
294 682 478 745 meruerant,
494 673 702 752 ignorantium
722 691 801 751 quae
821 673 966 752 cujusque
985 693 1109 734 suorum
1144 674 1164 735 5

206 756 332 816 fortuna
345 761 437 825 esset;
458 773 515 813 nec
530 752 688 832 quisquam
702 754 776 813 satis
790 762 906 812 certum
921 753 1022 826 habet,
1035 754 1110 832 quid

207 845 262 896 aut
282 843 382 914 speret
402 842 458 894 aut
478 833 594 893 timeat
637 832 761 895 Postero
777 852 814 892 ac
830 832 972 914 deinceps
992 834 1111 912 aliquot

207 915 315 976 diebus
329 914 368 974 ad
384 922 488 992 portas
508 914 606 993 major
626 931 721 992 prope
741 913 904 972 mulierum
926 933 1018 993 quam
1032 915 1111 976 viro·

207 1016 277 1055 rum
292 993 458 1054 multitudo
471 994 565 1066 stetit,
574 1002 629 1054 aut
642 1013 765 1054 suorum
778 993 913 1072 aliquem
923 1002 978 1055 aut
988 996 1111 1056 nuntios

207 1075 246 1136 de
264 1075 301 1136 iis
321 1074 498 1153 opperiens;
521 1073 904 1152 circumfundebanturque
923 1074 1022 1137 obviis
1041 1076 1110 1136 scis·
1125 1073 1165 1135 10

206 1155 345 1227 citantes,
367 1173 466 1247 neque
495 1154 598 1227 avelli,
619 1154 726 1233 utique
752 1154 792 1215 ab
819 1154 909 1229 notis,
933 1156 1110 1234 priusquam

207 1235 314 1296 ordine
340 1254 444 1294 omma
471 1234 675 1312 inquisissent,
703 1242 853 1313 poterant
905 1234 983 1296 Inde
1009 1237 1110 1298 varios

208 1315 314 1377 vultus
335 1313 571 1394 digredientium
593 1314 633 1374 ab
653 1315 770 1375 nuntiis
791 1335 936 1388 cerneres,
950 1323 986 1376 ut
1001 1316 1111 1394 cuique

206 1396 291 1456 laeta
317 1403 372 1456 aut
398 1395 499 1456 tristia
526 1395 759 1467 nuntiabantur,
784 1395 1030 1475 gratulantisque
1056 1403 1112 1456 aut

207 1475 392 1537 consolantis
414 1475 612 1535 redeuntibus
636 1475 739 1535 domos
764 1475 971 1536 circumfusos.
1012 1473 1112 1535 Femi·
1126 1470 1165 1533 15

206 1576 319 1616 narum
332 1555 495 1634 praecipue
510 1563 540 1615 et
553 1554 668 1634 gaudia
687 1555 821 1634 insignia
841 1563 931 1616 erant
950 1562 982 1615 et
1000 1553 1111 1616 luctus.

207 1635 314 1698 Unam
328 1636 360 1694 in
373 1634 440 1714 ipsa
457 1643 548 1714 porta
567 1635 673 1715 sospiti
693 1635 758 1696 filio
776 1655 809 1695 re
848 1644 901 1695 nte
921 1634 1058 1696 oblatam
1079 1635 1112 1695 in

207 1716 360 1795 conplexu
385 1716 450 1794 ejus
474 1715 629 1794 expirasse
653 1715 774 1788 ferunt3
795 1735 815 1776 a
828 1724 934 1788 teram,
957 1715 1007 1776 cui
1031 1735 1112 1776 mors

207 1796 253 1858 fili
274 1795 351 1856 falso
372 1795 516 1855 nuntiata
536 1806 611 1869 erat,
625 1804 772 1856 maestam
792 1795 946 1856 sedentem
964 1795 1056 1869 domi,
1071 1795 1111 1856 ad

207 1876 342 1956 primum
378 1885 573 1954 conspectum
608 1875 762 1936 redeuntis
796 1875 842 1936 fili
875 1875 988 1954 gaudio
1016 1877 1111 1936 nimio
1126 1873 1165 1936 20

207 1956 424 2018 exanimatam.
467 1954 614 2016 Senatum
628 1964 780 2034 praetores
794 1975 850 2035 per
863 1955 927 2016 dies
941 1955 1059 2035 aliquot
1072 1955 1112 2016 ab

207 2046 275 2098 orto
296 2055 393 2115 usque
415 2035 456 2096 ad
479 2035 668 2096 occidentem
688 2035 784 2095 solem
805 2036 838 2095 in
861 2035 949 2096 curia
970 2037 1112 2109 retinent,

207 2116 425 2187 consultantes,
440 2135 574 2195 quonam
594 2115 672 2177 duce
692 2123 747 2176 aut
767 2115 877 2196 quibus
899 2115 994 2198 copiis
1013 2116 1112 2177 resisti

207 2197 377 2260 victoribus
392 2196 501 2256 Poenis
515 2204 622 2274 posset.

248 2276 345 2339 VIII.
388 2276 570 2355 Priusquam
591 2277 665 2337 satis
685 2283 769 2336 certa
789 2275 918 2337 consilia
939 2284 1046 2349 essent,
1068 2295 1113 2336 re
1127 2273 1166 2334 25

208 2377 284 2437 pens
305 2355 369 2416 alia
389 2356 551 2416 nuntiatur
571 2356 683 2430 clades,
699 2365 845 2435 quattuor
865 2357 954 2416 milia
974 2356 1111 2435 equiturn

209 2457 280 2498 cum
294 2436 328 2499 Ο.
343 2436 490 2498 Centenio
504 2445 699 2514 propraetore
718 2437 809 2496 missa
829 2437 869 2497 ad
891 2435 1050 2514 conlegam
1070 2434 1111 2496 ab

208 2517 341 2579 Servilio
370 2516 493 2577 consule
517 2517 550 2574 in
574 2515 715 2590 Umbria,
739 2536 799 2595 quo
823 2526 891 2596 post
915 2535 1049 2596 pugnam
1072 2515 1112 2575 ad

209 2597 453 2657 Trasumennum
481 2594 618 2656 auditam
642 2604 818 2656 averterant
841 2597 908 2669 iter,
930 2596 969 2657 ab
992 2595 1111 2655 Hanni-

209 2675 279 2738 bale
293 2677 512 2739 circumventa.
555 2676 632 2756 Ejus
645 2676 690 2736 rei
703 2676 787 2736 fama
800 2676 885 2738 varie
903 2676 1040 2737 homines
1060 2676 1112 2737 ad·
1127 2677 1167 2739 30

209 2757 300 2818 fecit:
334 2777 414 2838 pars,
443 2757 599 2837 occupatis
626 2758 741 2837 majore
769 2757 962 2837 aegritudine
992 2757 1112 2830 animis,

209 2837 309 2900 levem
336 2857 376 2898 ex
405 2838 621 2917 conparatione
649 2837 786 2917 priorum
817 2838 929 2899 ducere
961 2846 1113 2899 recentem

209 2919 349 2996 equitum
358 2919 531 2998 jacturam3
552 2938 623 2998 pars
646 2938 708 2980 non
730 2918 763 2977 id
784 2918 867 2998 quod
888 2919 1043 2980 acciderat
1058 2939 1114 2999 per

209 3017 241 3058 se
255 2999 424 3071 aestimare,
438 2998 501 3073 sed,
515 3009 550 3060 ut
562 3000 596 3058 in
608 2998 730 3060 adfecto
744 3019 869 3079 corpore
882 3000 1023 3077 quamvis
1035 2999 1113 3060 levis

210 3098 303 3138 causa
322 3079 420 3158 magis
440 3098 532 3158 quam
555 3079 588 3140 in
607 3079 712 3141 valido
736 3079 860 3158 gravior
881 3080 1054 3153 sentiretur,
1068 3081 1113 3140 ita
1127 3079 1166 3138 35

209 3166 276 3218 tum
294 3178 404 3238 aegrae
423 3169 454 3220 et
475 3158 612 3220 adfectae
633 3159 752 3221 civitati
766 3159 979 3239 quodcumque
993 3160 1111 3221 adversi

209 3239 368 3313 incideret,
392 3259 453 3298 non
479 3259 580 3298 rerum
604 3240 826 3317 magnitudine,
847 3238 900 3298 sed
921 3239 1039 3301 viribus
1062 3259 1113 3299 ex-

208 3319 352 3393 tenuatis,
374 3339 452 3399 quae
475 3319 554 3378 nihil
601 3318 662 3378 uod
687 3319 871 3396 adgravaret
895 3319 961 3392 pati
983 3327 1113 3392 possent,

209 3399 435 3460 aestimandum
462 3419 534 3459 esse.
575 3340 687 3474 Itaque
711 3397 751 3456 ad
776 3393 945 3454 remedium
969 3391 1113 3468 jamdiu
