2616 3790
133 211 198 277 168
309 227 400 276 n1r1
426 226 603 278 n1v1an
626 227 741 276 vana
767 227 957 276 eornm
1002 219 1007 226 '

184 385 317 465 liquerat
337 395 427 460 tecta,
448 387 482 446 in
505 385 625 447 stativis
645 393 718 446 erat.
761 383 839 445 Inde
866 385 1089 448 frumentatum

184 466 261 526 duae
282 467 433 528 exercitus
453 475 554 545 partes
575 466 733 538 mittebat;
755 485 825 525 cum
845 466 936 528 tertia
955 468 1019 546 ipse
1038 489 1090 529 ex·

183 546 289 627 pedita
315 547 349 606 in
376 547 507 608 statione
534 554 608 620 erat,
633 544 725 606 simul
748 546 855 607 castris
877 548 1039 626 praesidio,
1059 556 1092 610 et

149 627 439 769 obliblmspoem
469 626 608 688 necunde
634 625 766 706 impetus
792 626 826 686 in
854 625 1091 690 frumentatores

223 755 352 849 XXIV.
394 788 552 849 Romanus
575 795 650 849 tunc
674 786 827 848 exereitus
848 786 880 847 in
905 807 978 868 agro
1003 787 1092 848 Lari·

182 867 249 926 nati
263 877 346 940 erat;
367 876 507 947 praeerat
520 867 677 928 Minucius
697 867 842 946 magister
861 869 1008 947 equitum,
1022 888 1091 947 pro-

181 947 271 1022 fecto,
295 949 375 1009 sicut
402 956 474 1009 ante
502 948 619 1008 dictum
647 955 701 1020 est,
726 947 768 1008 ad
795 947 903 1008 urbem
932 948 1090 1008 dictatore.

182 1026 324 1088 Ceterum
350 1037 459 1102 castra,
485 1047 563 1106 quae
587 1028 620 1087 in
644 1036 748 1088 monte
775 1027 839 1089 alto
868 1048 905 1087 ao
931 1036 999 1088 tuto
1021 1028 1093 1088 loco

129 1104 169 1167 10
181 1108 281 1246 posita
309 1107 441 1179 fuerant,
465 1108 531 1187 jam
559 1107 591 1167 in
619 1107 748 1186 planum
777 1107 975 1179 deferuntur;
996 1107 1092 1186 agita·

203 1197 355 1266 anturque
376 1207 432 1266 pro
456 1187 580 1265 ingenio
606 1187 693 1247 ducis
721 1187 849 1248 consilia
878 1186 1036 1260 calidiora,
1056 1195 1093 1248 nt

182 1267 313 1360 impetus
334 1277 389 1327 aut
409 1267 442 1326 in
462 1266 697 1328 frumentatores
719 1266 838 1346 palatos
863 1276 917 1327 aut
938 1267 970 1326 in
992 1277 1093 1328 castra

182 1346 291 1408 relicta
312 1367 382 1408 eum
401 1347 465 1408 levi
485 1348 636 1427 praesidio
657 1347 751 1408 fieret.
793 1346 859 1407 Nec
880 1344 1092 1408 Hannibalem

182 1426 294 1488 fefellit
321 1447 391 1487 cum
418 1427 496 1488 duee
522 1436 673 1488 mutatam
698 1447 761 1488 esse
784 1424 861 1487 belli
883 1427 1042 1498 rationem,
1061 1435 1093 1489 et

129 1503 169 1567 15
183 1506 313 1568 ferocius
333 1528 425 1587 quam
439 1506 607 1569 consultius
627 1527 692 1567 rem
712 1507 813 1567 hostes
834 1516 980 1585 gesturos.
1021 1506 1093 1587 Ipse

182 1595 295 1662 autem,
306 1587 387 1666 quod
401 1587 527 1648 minime
540 1586 609 1667 quis
623 1587 767 1659 crederet,
779 1606 848 1646 cum
862 1586 1092 1666 bostis'propius

182 1676 268 1742 esset,
282 1667 404 1728 tertiam
426 1677 542 1744 partem
564 1666 698 1728 militum
720 1666 953 1740 frumentatum,
971 1667 1091 1728 duabus

182 1747 216 1807 in
231 1748 338 1808 castris
358 1748 491 1821 retentio,
506 1747 642 1820 dimisit;
663 1746 736 1808 dein
757 1755 857 1807 castra
879 1747 946 1825 ipsa
966 1747 1092 1826 propius

167 1823 300 1888 bostem
313 1827 421 1899 movit,
435 1827 497 1888 duo
511 1826 605 1887 ferme
619 1847 638 1886 a
653 1825 804 1888 Gereonio
823 1825 921 1898 milia,
936 1827 970 1885 in
990 1837 1092 1887 tumu-

130 1906 170 1968 20
183 1907 249 1967 lum
263 1907 342 1968 hosti
357 1915 561 1984 conspectum,
574 1914 611 1967 ut
624 1907 777 1967 intentum
791 1906 883 1967 sciret
897 1925 961 1966 esse
974 1906 1015 1966 ad
1029 1906 1092 1967 fru-

183 1995 375 2060 mentatores,
389 1988 415 2047 si
429 2008 490 2066 qua
504 1987 550 2048 vis
564 1987 658 2060 fieret,
673 1986 827 2048 tutandos.
869 1985 1001 2065 Propior
1020 1985 1092 2047 inde

183 2067 212 2128 ei
232 2075 325 2146 atque
343 2067 416 2146 ipsis
437 2067 588 2127 inminens
606 2065 817 2127 Romanorum
832 2067 939 2127 castris
953 2066 1092 2128 tumulus

184 2147 346 2241 apparuit;
367 2147 408 2207 ad
428 2167 519 2287 quem
540 2147 723 2240 capiendum
737 2147 763 2206 si
777 2146 846 2206 luce
861 2146 965 2226 palam
984 2147 1092 2222 iretur,

183 2248 256 2307 qura
283 2226 367 2287 haud
395 2226 436 2286 du
459 2227 487 2288 ie
513 2227 609 2288 hostis
636 2225 775 2288 breviore
794 2227 847 2288 via
868 2235 1091 2306 praeventurus

130 2307 170 2368 25
184 2316 259 2382 erat,
286 2315 376 2368 nocte
404 2307 484 2368 clam
511 2307 595 2366 missi
623 2306 779 2368 Numidae
806 2314 961 2384 ceperunt.
1004 2306 1091 2383 Quos

183 2388 314 2449 tenentis
327 2387 429 2448 locum
444 2395 619 2467 contempta
638 2387 795 2466 paucitate
815 2386 948 2447 Romani
969 2396 1091 2466 postero

183 2467 233 2529 die
247 2488 317 2529 cum
331 2466 516 2546 dejecissent,
528 2467 587 2546 ipsi
597 2487 632 2528 eo
644 2465 833 2527 transferunt
842 2475 951 2528 castra.
995 2466 1091 2542 [Tum

184 2549 235 2625 nt]
257 2548 360 2626 itaque
381 2548 527 2626 exiguum
548 2547 641 2626 spatii
655 2544 774 2607 vallum
788 2566 808 2606 a
821 2545 906 2607 vallo
927 2545 1043 2620 aberat,
1059 2555 1091 2608 et

183 2626 216 2687 id
241 2627 341 2706 ipsum
367 2634 467 2687 totum
494 2647 588 2706 prope
615 2625 811 2705 conpleverat
835 2625 976 2686 Romana
1000 2627 1089 2688 acies.

131 2706 171 2768 30
184 2706 282 2768 Simul
303 2715 334 2767 et
353 2725 409 2784 per
428 2727 535 2770 aversa
556 2727 575 2766 a
595 2706 700 2768 castris
721 2705 911 2766 Hannibalis
935 2707 1091 2785 equitatus

184 2806 254 2847 cum
282 2785 345 2847 levi
372 2794 530 2847 armatura
556 2787 681 2848 emissus
707 2785 741 2844 in
768 2784 1003 2847 frumentatores
1028 2786 1091 2848 late

185 2866 309 2927 caedem
336 2867 501 2946 fugamque
528 2866 662 2928 hostium
689 2865 864 2945 palatorum
891 2865 973 2927 fecit.
1023 2866 1091 2928 Nec

184 2947 251 3008 aeie
275 2955 391 3008 certare
415 2946 577 3007 Hannibal
601 2966 702 3020 ausus,
724 2944 797 3024 quia
820 2953 909 3006 tanta
932 2947 1091 3025 paucitate

184 3027 240 3089 vix
255 3036 363 3101 eastra,
377 3027 404 3087 si
417 3034 677 3106 oppugnarentur,
691 3025 786 3086 tutari
807 3033 946 3104 poterat;
962 3026 1092 3106 jamque

131 3107 171 3168 35
185 3107 303 3168 artibus
330 3105 421 3168 Fabii
451 3107 536 3185 [pars
569 3106 721 3166 exereitus
755 3105 862 3166 aberat
890 3105 958 3185 jam
991 3105 1089 3184 farne]

184 3185 316 3246 sedendo
337 3194 368 3247 et
388 3185 561 3246 cunctando
581 3184 698 3246 bellum
718 3185 852 3265 gerebat,
873 3194 1092 3265 receperatque

184 3284 254 3326 suos
281 3265 313 3324 in
341 3266 444 3345 priora
472 3273 580 3339 eastra,
602 3284 680 3344 quae
700 3284 756 3345 pro
777 3263 909 3326 Gereoni
930 3266 1091 3327 moenibus

185 3352 281 3404 erant.
677 3355 679 3362 ’

226 3423 318 3486 Justa
341 3443 459 3504 quoque
486 3423 552 3484 acie
575 3431 606 3484 et
630 3423 759 3486 conlatis
785 3424 880 3506 signis
908 3424 1089 3489 dimicatum
