<?xml version="1.0" encoding="UTF-8"?>
<!DOCTYPE html PUBLIC "-//W3C//DTD XHTML 1.0 Transitional//EN"
    "http://www.w3.org/TR/xhtml1/DTD/xhtml1-transitional.dtd">
<html xmlns="http://www.w3.org/1999/xhtml" xml:lang="en" lang="en">
 <head>
  <title>
</title>
<meta http-equiv="Content-Type" content="text/html;charset=utf-8" />
  <meta name='ocr-system' content='tesseract 3.04.00' />
  <meta name='ocr-capabilities' content='ocr_page ocr_carea ocr_par ocr_line ocrx_word'/>
</head>
<body>
  <div class='ocr_page' id='page_1' title='image "./historieslivybo00chasgoog_0218.png"; bbox 0 0 2628 3796; ppageno 0'>
   <div class='ocr_carea' id='block_1_1' title="bbox 499 219 1192 305">
    <p class='ocr_par' dir='ltr' id='par_1_1' title="bbox 499 219 1192 305">
     <span class='ocr_line' id='line_1_1' title="bbox 499 219 1192 305; baseline 0.003 -21"><span class='ocrx_word' id='word_1_1' title='bbox 499 235 631 285; x_wconf 75' lang='lat' dir='ltr'>arana</span> <span class='ocrx_word' id='word_1_2' title='bbox 654 235 715 305; x_wconf 85' lang='lat' dir='ltr'>rx,</span> <span class='ocrx_word' id='word_1_3' title='bbox 741 219 872 287; x_wconf 83' lang='lat'>18-19.</span> <span class='ocrx_word' id='word_1_4' title='bbox 1131 220 1192 288; x_wconf 75' lang='lat'>211</span> 
     </span>
    </p>
   </div>
   <div class='ocr_carea' id='block_1_2' title="bbox 223 391 1194 3526">
    <p class='ocr_par' dir='ltr' id='par_1_2' title="bbox 229 391 1194 1519">
     <span class='ocr_line' id='line_1_2' title="bbox 236 391 1142 474; baseline -0.001 -16"><span class='ocrx_word' id='word_1_5' title='bbox 236 405 291 458; x_wconf 85' lang='lat' dir='ltr'>aut</span> <span class='ocrx_word' id='word_1_6' title='bbox 315 396 428 457; x_wconf 85' lang='lat' dir='ltr'>fractos</span> <span class='ocrx_word' id='word_1_7' title='bbox 451 392 533 455; x_wconf 91' lang='lat' dir='ltr'>bello</span> <span class='ocrx_word' id='word_1_8' title='bbox 554 393 717 456; x_wconf 85' lang='lat' dir='ltr'>invenisset</span> <span class='ocrx_word' id='word_1_9' title='bbox 736 394 845 456; x_wconf 89' lang='lat' dir='ltr'>hostes.</span> <span class='ocrx_word' id='word_1_10' title='bbox 886 391 957 474; x_wconf 91' lang='lat' dir='ltr'>Ipse</span> <span class='ocrx_word' id='word_1_11' title='bbox 977 393 1142 474; x_wconf 89' lang='lat' dir='ltr'>trajecisset</span> 
     </span>
     <span class='ocr_line' id='line_1_3' title="bbox 236 474 1142 554; baseline -0.001 -17"><span class='ocrx_word' id='word_1_12' title='bbox 236 498 320 538; x_wconf 90' lang='lat' dir='ltr'>mare</span> <span class='ocrx_word' id='word_1_13' title='bbox 340 495 411 536; x_wconf 90' lang='lat' dir='ltr'>cum</span> <span class='ocrx_word' id='word_1_14' title='bbox 426 475 576 536; x_wconf 84' lang='lat' dir='ltr'>veteranis</span> <span class='ocrx_word' id='word_1_15' title='bbox 596 474 825 547; x_wconf 66' lang='lat' dir='ltr'>Macedonibus,</span> <span class='ocrx_word' id='word_1_16' title='bbox 843 494 904 535; x_wconf 92' lang='lat' dir='ltr'>non</span> <span class='ocrx_word' id='word_1_17' title='bbox 924 474 994 554; x_wconf 92' lang='lat' dir='ltr'>plus</span> <span class='ocrx_word' id='word_1_18' title='bbox 1014 475 1142 554; x_wconf 85' lang='lat' dir='ltr'>triginta</span> 
     </span>
     <span class='ocr_line' id='line_1_4' title="bbox 235 554 1141 633; baseline -0.001 -16"><span class='ocrx_word' id='word_1_19' title='bbox 235 557 360 618; x_wconf 90' lang='lat' dir='ltr'>milibus</span> <span class='ocrx_word' id='word_1_20' title='bbox 376 554 541 629; x_wconf 90' lang='lat' dir='ltr'>hominum,</span> <span class='ocrx_word' id='word_1_21' title='bbox 556 563 587 616; x_wconf 93' lang='lat' dir='ltr'>et</span> <span class='ocrx_word' id='word_1_22' title='bbox 600 566 745 633; x_wconf 89' lang='lat' dir='ltr'>quattuor</span> <span class='ocrx_word' id='word_1_23' title='bbox 758 554 881 614; x_wconf 88' lang='lat' dir='ltr'>milibus</span> <span class='ocrx_word' id='word_1_24' title='bbox 895 555 1041 633; x_wconf 91' lang='lat' dir='ltr'>equitum,</span> <span class='ocrx_word' id='word_1_25' title='bbox 1056 575 1141 616; x_wconf 86' lang='lat' dir='ltr'>max·</span> 
     </span>
     <span class='ocr_line' id='line_1_5' title="bbox 235 633 1141 710; baseline -0.001 -12"><span class='ocrx_word' id='word_1_26' title='bbox 235 639 295 698; x_wconf 93' lang='lat' dir='ltr'>ime</span> <span class='ocrx_word' id='word_1_27' title='bbox 318 635 550 708; x_wconf 70' lang='lat' dir='ltr'>Thessalorum</span> <span class='ocrx_word' id='word_1_28' title='bbox 580 635 638 695; x_wconf 95' lang='lat' dir='ltr'>hoc</span> <span class='ocrx_word' id='word_1_29' title='bbox 661 635 743 695; x_wconf 89' lang='lat' dir='ltr'>enim</span> <span class='ocrx_word' id='word_1_30' title='bbox 770 633 886 694; x_wconf 90' lang='lat' dir='ltr'>roboris</span> <span class='ocrx_word' id='word_1_31' title='bbox 909 643 983 696; x_wconf 84' lang='lat' dir='ltr'>erat</span> <span class='ocrx_word' id='word_1_32' title='bbox 1024 635 1141 710; x_wconf 87' lang='lat' dir='ltr'>Persas,</span> 
     </span>
     <span class='ocr_line' id='line_1_6' title="bbox 234 715 1194 796; baseline 0.001 -18"><span class='ocrx_word' id='word_1_33' title='bbox 234 716 338 792; x_wconf 91' lang='lat' dir='ltr'>Indos,</span> <span class='ocrx_word' id='word_1_34' title='bbox 351 717 489 796; x_wconf 87' lang='lat' dir='ltr'>aliasque</span> <span class='ocrx_word' id='word_1_35' title='bbox 508 716 534 776; x_wconf 92' lang='lat' dir='ltr'>si</span> <span class='ocrx_word' id='word_1_36' title='bbox 555 715 743 795; x_wconf 87' lang='lat' dir='ltr'>adjunxisset</span> <span class='ocrx_word' id='word_1_37' title='bbox 764 723 877 793; x_wconf 80' lang='lat' dir='ltr'>gentes,</span> <span class='ocrx_word' id='word_1_38' title='bbox 899 715 1140 794; x_wconf 74' lang='lat' dir='ltr'>inpedimentum</span> <span class='ocrx_word' id='word_1_39' title='bbox 1173 717 1194 780; x_wconf 82' lang='lat' dir='ltr'>t</span> 
     </span>
     <span class='ocr_line' id='line_1_7' title="bbox 234 793 1140 878; baseline 0 -21"><span class='ocrx_word' id='word_1_40' title='bbox 234 799 333 878; x_wconf 89' lang='lat' dir='ltr'>majus</span> <span class='ocrx_word' id='word_1_41' title='bbox 347 817 439 877; x_wconf 89' lang='lat' dir='ltr'>quam</span> <span class='ocrx_word' id='word_1_42' title='bbox 460 795 613 856; x_wconf 86' lang='lat' dir='ltr'>auxilium</span> <span class='ocrx_word' id='word_1_43' title='bbox 635 795 776 856; x_wconf 86' lang='lat' dir='ltr'>traheret.</span> <span class='ocrx_word' id='word_1_44' title='bbox 818 794 919 868; x_wconf 92' lang='lat' dir='ltr'>Adde,</span> <span class='ocrx_word' id='word_1_45' title='bbox 934 793 1015 873; x_wconf 90' lang='lat' dir='ltr'>quod</span> <span class='ocrx_word' id='word_1_46' title='bbox 1029 795 1140 858; x_wconf 88' lang='lat' dir='ltr'>Roma·</span> 
     </span>
     <span class='ocr_line' id='line_1_8' title="bbox 233 875 1139 955; baseline -0.001 -17"><span class='ocrx_word' id='word_1_47' title='bbox 233 878 281 939; x_wconf 91' lang='lat' dir='ltr'>nis</span> <span class='ocrx_word' id='word_1_48' title='bbox 295 878 334 938; x_wconf 92' lang='lat' dir='ltr'>ad</span> <span class='ocrx_word' id='word_1_49' title='bbox 350 898 474 939; x_wconf 89' lang='lat' dir='ltr'>manum</span> <span class='ocrx_word' id='word_1_50' title='bbox 488 877 572 937; x_wconf 89' lang='lat' dir='ltr'>domi</span> <span class='ocrx_word' id='word_1_51' title='bbox 584 875 829 955; x_wconf 87' lang='lat' dir='ltr'>supplementum</span> <span class='ocrx_word' id='word_1_52' title='bbox 850 883 935 949; x_wconf 88' lang='lat' dir='ltr'>esset,</span> <span class='ocrx_word' id='word_1_53' title='bbox 949 875 1139 951; x_wconf 86' lang='lat' dir='ltr'>Alexandro,</span> 
     </span>
     <span class='ocr_line' id='line_1_9' title="bbox 233 955 1140 1037; baseline 0 -19"><span class='ocrx_word' id='word_1_54' title='bbox 233 959 314 1037; x_wconf 93' lang='lat' dir='ltr'>quod</span> <span class='ocrx_word' id='word_1_55' title='bbox 326 967 431 1037; x_wconf 89' lang='lat' dir='ltr'>postea</span> <span class='ocrx_word' id='word_1_56' title='bbox 442 955 614 1018; x_wconf 74' lang='lat' dir='ltr'>Hannibali</span> <span class='ocrx_word' id='word_1_57' title='bbox 628 955 750 1029; x_wconf 83' lang='lat' dir='ltr'>accidit,</span> <span class='ocrx_word' id='word_1_58' title='bbox 762 955 863 1017; x_wconf 83' lang='lat' dir='ltr'>alieno</span> <span class='ocrx_word' id='word_1_59' title='bbox 877 956 909 1015; x_wconf 93' lang='lat' dir='ltr'>in</span> <span class='ocrx_word' id='word_1_60' title='bbox 923 975 997 1035; x_wconf 84' lang='lat' dir='ltr'>agro</span> <span class='ocrx_word' id='word_1_61' title='bbox 1012 955 1140 1018; x_wconf 82' lang='lat' dir='ltr'>bellanti</span> 
     </span>
     <span class='ocr_line' id='line_1_10' title="bbox 233 1036 1138 1116; baseline -0.001 -18"><span class='ocrx_word' id='word_1_62' title='bbox 233 1039 385 1100; x_wconf 82' lang='lat' dir='ltr'>exercitus</span> <span class='ocrx_word' id='word_1_63' title='bbox 395 1037 605 1100; x_wconf 80' lang='lat' dir='ltr'>consenuisset.</span> <span class='ocrx_word' id='word_1_64' title='bbox 648 1036 756 1110; x_wconf 87' lang='lat' dir='ltr'>Arma,</span> <span class='ocrx_word' id='word_1_65' title='bbox 768 1036 869 1116; x_wconf 89' lang='lat' dir='ltr'>clupei</span> <span class='ocrx_word' id='word_1_66' title='bbox 882 1036 1052 1115; x_wconf 79' lang='lat' dir='ltr'>sarisaeque</span> <span class='ocrx_word' id='word_1_67' title='bbox 1062 1036 1138 1112; x_wconf 86' lang='lat' dir='ltr'>illis;</span> 
     </span>
     <span class='ocr_line' id='line_1_11' title="bbox 233 1115 1193 1198; baseline -0.002 -20"><span class='ocrx_word' id='word_1_68' title='bbox 233 1117 374 1179; x_wconf 87' lang='lat' dir='ltr'>Romano</span> <span class='ocrx_word' id='word_1_69' title='bbox 384 1128 514 1191; x_wconf 84' lang='lat' dir='ltr'>scutum,</span> <span class='ocrx_word' id='word_1_70' title='bbox 526 1119 623 1198; x_wconf 86' lang='lat' dir='ltr'>majus</span> <span class='ocrx_word' id='word_1_71' title='bbox 634 1117 753 1196; x_wconf 79' lang='lat' dir='ltr'>corpori</span> <span class='ocrx_word' id='word_1_72' title='bbox 763 1125 981 1195; x_wconf 86' lang='lat' dir='ltr'>tegumentum,</span> <span class='ocrx_word' id='word_1_73' title='bbox 990 1126 1020 1177; x_wconf 92' lang='lat' dir='ltr'>et</span> <span class='ocrx_word' id='word_1_74' title='bbox 1029 1115 1138 1198; x_wconf 92' lang='lat' dir='ltr'>pilum,</span> <span class='ocrx_word' id='word_1_75' title='bbox 1152 1119 1193 1183; x_wconf 87' lang='lat'>10</span> 
     </span>
     <span class='ocr_line' id='line_1_12' title="bbox 232 1196 1139 1278; baseline 0 -20"><span class='ocrx_word' id='word_1_76' title='bbox 232 1197 317 1258; x_wconf 89' lang='lat' dir='ltr'>haud</span> <span class='ocrx_word' id='word_1_77' title='bbox 341 1197 434 1278; x_wconf 90' lang='lat' dir='ltr'>paulo</span> <span class='ocrx_word' id='word_1_78' title='bbox 455 1217 548 1278; x_wconf 90' lang='lat' dir='ltr'>quam</span> <span class='ocrx_word' id='word_1_79' title='bbox 567 1197 656 1258; x_wconf 86' lang='lat' dir='ltr'>hasta</span> <span class='ocrx_word' id='word_1_80' title='bbox 676 1196 883 1259; x_wconf 87' lang='lat' dir='ltr'>vehementius</span> <span class='ocrx_word' id='word_1_81' title='bbox 903 1197 967 1258; x_wconf 88' lang='lat' dir='ltr'>ictu</span> <span class='ocrx_word' id='word_1_82' title='bbox 987 1197 1139 1277; x_wconf 89' lang='lat' dir='ltr'>missuque</span> 
     </span>
     <span class='ocr_line' id='line_1_13' title="bbox 231 1277 1138 1358; baseline 0.001 -21"><span class='ocrx_word' id='word_1_83' title='bbox 231 1277 338 1339; x_wconf 88' lang='lat' dir='ltr'>telum.</span> <span class='ocrx_word' id='word_1_84' title='bbox 379 1278 530 1340; x_wconf 79' lang='lat' dir='ltr'>Statorius</span> <span class='ocrx_word' id='word_1_85' title='bbox 545 1287 671 1358; x_wconf 88' lang='lat' dir='ltr'>uterque</span> <span class='ocrx_word' id='word_1_86' title='bbox 684 1277 781 1350; x_wconf 90' lang='lat' dir='ltr'>miles,</span> <span class='ocrx_word' id='word_1_87' title='bbox 794 1277 914 1338; x_wconf 87' lang='lat' dir='ltr'>ordines</span> <span class='ocrx_word' id='word_1_88' title='bbox 926 1296 1065 1352; x_wconf 86' lang='lat' dir='ltr'>servans;</span> <span class='ocrx_word' id='word_1_89' title='bbox 1084 1277 1138 1338; x_wconf 92' lang='lat' dir='ltr'>sed</span> 
     </span>
     <span class='ocr_line' id='line_1_14' title="bbox 231 1357 1138 1438; baseline 0 -20"><span class='ocrx_word' id='word_1_90' title='bbox 231 1357 288 1419; x_wconf 90' lang='lat' dir='ltr'>illa</span> <span class='ocrx_word' id='word_1_91' title='bbox 314 1358 453 1438; x_wconf 85' lang='lat' dir='ltr'>phalanx</span> <span class='ocrx_word' id='word_1_92' title='bbox 480 1358 645 1420; x_wconf 92' lang='lat' dir='ltr'>immobilis</span> <span class='ocrx_word' id='word_1_93' title='bbox 672 1366 703 1419; x_wconf 89' lang='lat' dir='ltr'>et</span> <span class='ocrx_word' id='word_1_94' title='bbox 729 1357 819 1418; x_wconf 91' lang='lat' dir='ltr'>unius</span> <span class='ocrx_word' id='word_1_95' title='bbox 846 1357 973 1436; x_wconf 84' lang='lat' dir='ltr'>generis,</span> <span class='ocrx_word' id='word_1_96' title='bbox 997 1357 1138 1418; x_wconf 85' lang='lat' dir='ltr'>Romana</span> 
     </span>
     <span class='ocr_line' id='line_1_15' title="bbox 229 1436 1137 1519; baseline 0 -21"><span class='ocrx_word' id='word_1_97' title='bbox 229 1439 311 1500; x_wconf 88' lang='lat' dir='ltr'>acies</span> <span class='ocrx_word' id='word_1_98' title='bbox 325 1438 505 1514; x_wconf 86' lang='lat' dir='ltr'>distinctior,</span> <span class='ocrx_word' id='word_1_99' title='bbox 517 1459 557 1500; x_wconf 85' lang='lat' dir='ltr'>ex</span> <span class='ocrx_word' id='word_1_100' title='bbox 569 1437 710 1519; x_wconf 92' lang='lat' dir='ltr'>pluribus</span> <span class='ocrx_word' id='word_1_101' title='bbox 725 1437 865 1519; x_wconf 89' lang='lat' dir='ltr'>partibus</span> <span class='ocrx_word' id='word_1_102' title='bbox 879 1446 1027 1511; x_wconf 86' lang='lat' dir='ltr'>constans,</span> <span class='ocrx_word' id='word_1_103' title='bbox 1038 1436 1137 1498; x_wconf 89' lang='lat' dir='ltr'>facilis</span> 
     </span>
    </p>

    <p class='ocr_par' dir='ltr' id='par_1_3' title="bbox 271 1517 1191 1599">
     <span class='ocr_line' id='line_1_16' title="bbox 271 1517 1191 1599; baseline 0.002 -19"><span class='ocrx_word' id='word_1_104' title='bbox 271 1519 387 1592; x_wconf 84' lang='lat' dir='ltr'>rtienti,</span> <span class='ocrx_word' id='word_1_105' title='bbox 414 1539 607 1599; x_wconf 88' lang='lat' dir='ltr'>quacumque</span> <span class='ocrx_word' id='word_1_106' title='bbox 635 1538 710 1598; x_wconf 93' lang='lat' dir='ltr'>opus</span> <span class='ocrx_word' id='word_1_107' title='bbox 744 1527 828 1592; x_wconf 87' lang='lat' dir='ltr'>esset,</span> <span class='ocrx_word' id='word_1_108' title='bbox 856 1517 957 1578; x_wconf 85' lang='lat' dir='ltr'>facilis</span> <span class='ocrx_word' id='word_1_109' title='bbox 984 1517 1136 1597; x_wconf 88' lang='lat' dir='ltr'>jungenti.</span> <span class='ocrx_word' id='word_1_110' title='bbox 1152 1521 1191 1584; x_wconf 82' lang='lat'>15</span> 
     </span>
    </p>

    <p class='ocr_par' dir='ltr' id='par_1_4' title="bbox 227 1597 1137 1978">
     <span class='ocr_line' id='line_1_17' title="bbox 253 1597 1137 1679; baseline 0.001 -21"><span class='ocrx_word' id='word_1_111' title='bbox 253 1619 304 1659; x_wconf 89' lang='lat' dir='ltr'>am</span> <span class='ocrx_word' id='word_1_112' title='bbox 317 1599 383 1660; x_wconf 92' lang='lat' dir='ltr'>ino</span> <span class='ocrx_word' id='word_1_113' title='bbox 422 1619 454 1660; x_wconf 91' lang='lat' dir='ltr'>re</span> <span class='ocrx_word' id='word_1_114' title='bbox 467 1599 536 1679; x_wconf 93' lang='lat' dir='ltr'>quis</span> <span class='ocrx_word' id='word_1_115' title='bbox 559 1619 617 1679; x_wconf 91' lang='lat' dir='ltr'>par</span> <span class='ocrx_word' id='word_1_116' title='bbox 640 1599 780 1660; x_wconf 88' lang='lat' dir='ltr'>Romano</span> <span class='ocrx_word' id='word_1_117' title='bbox 802 1597 911 1662; x_wconf 83' lang='lat' dir='ltr'>milcsl</span> <span class='ocrx_word' id='word_1_118' title='bbox 930 1597 998 1677; x_wconf 90' lang='lat' dir='ltr'>quis</span> <span class='ocrx_word' id='word_1_119' title='bbox 1011 1597 1052 1658; x_wconf 88' lang='lat' dir='ltr'>ad</span> <span class='ocrx_word' id='word_1_120' title='bbox 1065 1597 1137 1659; x_wconf 89' lang='lat' dir='ltr'>tole·</span> 
     </span>
     <span class='ocr_line' id='line_1_18' title="bbox 227 1676 1137 1759; baseline 0 -20"><span class='ocrx_word' id='word_1_121' title='bbox 227 1679 361 1740; x_wconf 87' lang='lat' dir='ltr'>randum</span> <span class='ocrx_word' id='word_1_122' title='bbox 411 1679 515 1740; x_wconf 89' lang='lat' dir='ltr'>borem</span> <span class='ocrx_word' id='word_1_123' title='bbox 535 1678 664 1741; x_wconf 78' lang='lat' dir='ltr'>melior?</span> <span class='ocrx_word' id='word_1_124' title='bbox 706 1679 779 1742; x_wconf 92' lang='lat' dir='ltr'>Uno</span> <span class='ocrx_word' id='word_1_125' title='bbox 800 1677 915 1759; x_wconf 85' lang='lat' dir='ltr'>proelio</span> <span class='ocrx_word' id='word_1_126' title='bbox 928 1676 1028 1741; x_wconf 86' lang='lat' dir='ltr'>victus</span> <span class='ocrx_word' id='word_1_127' title='bbox 1041 1677 1137 1739; x_wconf 89' lang='lat' dir='ltr'>Alex·</span> 
     </span>
     <span class='ocr_line' id='line_1_19' title="bbox 228 1757 1135 1838; baseline 0 -20"><span class='ocrx_word' id='word_1_128' title='bbox 228 1759 325 1819; x_wconf 88' lang='lat' dir='ltr'>ander</span> <span class='ocrx_word' id='word_1_129' title='bbox 343 1758 423 1821; x_wconf 93' lang='lat' dir='ltr'>bello</span> <span class='ocrx_word' id='word_1_130' title='bbox 437 1760 538 1822; x_wconf 87' lang='lat' dir='ltr'>victus</span> <span class='ocrx_word' id='word_1_131' title='bbox 551 1769 647 1834; x_wconf 88' lang='lat' dir='ltr'>esset;</span> <span class='ocrx_word' id='word_1_132' title='bbox 670 1760 855 1834; x_wconf 87' lang='lat' dir='ltr'>Romanum,</span> <span class='ocrx_word' id='word_1_133' title='bbox 870 1777 960 1838; x_wconf 89' lang='lat' dir='ltr'>quem</span> <span class='ocrx_word' id='word_1_134' title='bbox 974 1757 1135 1832; x_wconf 85' lang='lat' dir='ltr'>Caudium,</span> 
     </span>
     <span class='ocr_line' id='line_1_20' title="bbox 227 1838 1136 1978; baseline 0.001 -78"><span class='ocrx_word' id='word_1_135' title='bbox 227 1857 319 1978; x_wconf 67' lang='lat' dir='ltr'>qpem</span> <span class='ocrx_word' id='word_1_136' title='bbox 342 1838 467 1902; x_wconf 62' lang='lat' dir='ltr'>&amp;unae</span> <span class='ocrx_word' id='word_1_137' title='bbox 490 1860 552 1901; x_wconf 92' lang='lat' dir='ltr'>non</span> <span class='ocrx_word' id='word_1_138' title='bbox 578 1840 744 1935; x_wconf 81' lang='lat' dir='ltr'>fregerunt,</span> <span class='ocrx_word' id='word_1_139' title='bbox 766 1859 846 1920; x_wconf 88' lang='lat' dir='ltr'>quae</span> <span class='ocrx_word' id='word_1_140' title='bbox 872 1839 1008 1919; x_wconf 80' lang='lat' dir='ltr'>fregisset</span> <span class='ocrx_word' id='word_1_141' title='bbox 1035 1839 1136 1901; x_wconf 78' lang='lat' dir='ltr'>acies?</span> 
     </span>
    </p>

    <p class='ocr_par' dir='ltr' id='par_1_5' title="bbox 223 1919 1189 2940">
     <span class='ocr_line' id='line_1_21' title="bbox 260 1919 1189 2000; baseline 0.006 -20"><span class='ocrx_word' id='word_1_142' title='bbox 260 1939 277 1980; x_wconf 89' lang='lat' dir='ltr'>e</span> <span class='ocrx_word' id='word_1_143' title='bbox 300 1919 354 1980; x_wconf 90' lang='lat' dir='ltr'>ille</span> <span class='ocrx_word' id='word_1_144' title='bbox 376 1939 474 2000; x_wconf 87' lang='lat' dir='ltr'>saepe,</span> <span class='ocrx_word' id='word_1_145' title='bbox 496 1921 589 1982; x_wconf 87' lang='lat' dir='ltr'>etiam</span> <span class='ocrx_word' id='word_1_146' title='bbox 613 1941 641 1982; x_wconf 85' lang='lat' dir='ltr'>er</span> <span class='ocrx_word' id='word_1_147' title='bbox 666 1921 766 2000; x_wconf 87' lang='lat' dir='ltr'>prima</span> <span class='ocrx_word' id='word_1_148' title='bbox 790 1939 934 2000; x_wconf 89' lang='lat' dir='ltr'>prospere</span> <span class='ocrx_word' id='word_1_149' title='bbox 956 1920 1134 1993; x_wconf 83' lang='lat' dir='ltr'>evenissent,</span> <span class='ocrx_word' id='word_1_150' title='bbox 1149 1923 1189 1986; x_wconf 85' lang='lat'>20</span> 
     </span>
     <span class='ocr_line' id='line_1_22' title="bbox 227 1998 1135 2080; baseline 0.002 -22"><span class='ocrx_word' id='word_1_151' title='bbox 227 1998 335 2060; x_wconf 82' lang='lat' dir='ltr'>Persas</span> <span class='ocrx_word' id='word_1_152' title='bbox 348 2007 379 2060; x_wconf 92' lang='lat' dir='ltr'>et</span> <span class='ocrx_word' id='word_1_153' title='bbox 392 2000 485 2062; x_wconf 92' lang='lat' dir='ltr'>Indos</span> <span class='ocrx_word' id='word_1_154' title='bbox 499 2010 530 2063; x_wconf 95' lang='lat' dir='ltr'>et</span> <span class='ocrx_word' id='word_1_155' title='bbox 542 2001 689 2062; x_wconf 84' lang='lat' dir='ltr'>inbellem</span> <span class='ocrx_word' id='word_1_156' title='bbox 705 2001 814 2062; x_wconf 86' lang='lat' dir='ltr'>Asiam</span> <span class='ocrx_word' id='word_1_157' title='bbox 828 2001 1000 2080; x_wconf 86' lang='lat' dir='ltr'>quaesisset,</span> <span class='ocrx_word' id='word_1_158' title='bbox 1014 2009 1045 2061; x_wconf 91' lang='lat' dir='ltr'>et</span> <span class='ocrx_word' id='word_1_159' title='bbox 1064 2020 1135 2060; x_wconf 90' lang='lat' dir='ltr'>cum</span> 
     </span>
     <span class='ocr_line' id='line_1_23' title="bbox 226 2078 1134 2161; baseline 0.002 -23"><span class='ocrx_word' id='word_1_160' title='bbox 226 2078 348 2140; x_wconf 72' lang='lat' dir='ltr'>feminis</span> <span class='ocrx_word' id='word_1_161' title='bbox 361 2079 420 2141; x_wconf 91' lang='lat' dir='ltr'>sibi</span> <span class='ocrx_word' id='word_1_162' title='bbox 433 2079 549 2142; x_wconf 90' lang='lat' dir='ltr'>bellum</span> <span class='ocrx_word' id='word_1_163' title='bbox 562 2081 655 2142; x_wconf 84' lang='lat' dir='ltr'>fuisse</span> <span class='ocrx_word' id='word_1_164' title='bbox 669 2081 806 2155; x_wconf 89' lang='lat' dir='ltr'>dixisset,</span> <span class='ocrx_word' id='word_1_165' title='bbox 819 2081 902 2161; x_wconf 89' lang='lat' dir='ltr'>quod</span> <span class='ocrx_word' id='word_1_166' title='bbox 923 2081 1012 2160; x_wconf 80' lang='lat' dir='ltr'>Epiri</span> <span class='ocrx_word' id='word_1_167' title='bbox 1032 2099 1134 2160; x_wconf 84' lang='lat' dir='ltr'>regem</span> 
     </span>
     <span class='ocr_line' id='line_1_24' title="bbox 226 2157 1134 2237; baseline 0.004 -19"><span class='ocrx_word' id='word_1_168' title='bbox 226 2157 452 2236; x_wconf 83' lang='lat' dir='ltr'>Alexandrum,</span> <span class='ocrx_word' id='word_1_169' title='bbox 465 2161 622 2224; x_wconf 89' lang='lat' dir='ltr'>mortifero</span> <span class='ocrx_word' id='word_1_170' title='bbox 633 2161 761 2224; x_wconf 74' lang='lat' dir='ltr'>vulnere</span> <span class='ocrx_word' id='word_1_171' title='bbox 775 2161 881 2237; x_wconf 88' lang='lat' dir='ltr'>ictum,</span> <span class='ocrx_word' id='word_1_172' title='bbox 896 2161 1009 2222; x_wconf 85' lang='lat' dir='ltr'>dixisse</span> <span class='ocrx_word' id='word_1_173' title='bbox 1022 2162 1134 2235; x_wconf 87' lang='lat' dir='ltr'>ferunt,</span> 
     </span>
     <span class='ocr_line' id='line_1_25' title="bbox 225 2238 1134 2323; baseline 0.003 -24"><span class='ocrx_word' id='word_1_174' title='bbox 225 2247 337 2300; x_wconf 90' lang='lat' dir='ltr'>sortem</span> <span class='ocrx_word' id='word_1_175' title='bbox 350 2238 499 2302; x_wconf 89' lang='lat' dir='ltr'>bellorum</span> <span class='ocrx_word' id='word_1_176' title='bbox 513 2241 546 2302; x_wconf 91' lang='lat' dir='ltr'>in</span> <span class='ocrx_word' id='word_1_177' title='bbox 561 2241 638 2303; x_wconf 90' lang='lat' dir='ltr'>Asia</span> <span class='ocrx_word' id='word_1_178' title='bbox 652 2251 805 2322; x_wconf 86' lang='lat' dir='ltr'>gestorum</span> <span class='ocrx_word' id='word_1_179' title='bbox 820 2243 860 2303; x_wconf 91' lang='lat' dir='ltr'>ab</span> <span class='ocrx_word' id='word_1_180' title='bbox 874 2242 932 2304; x_wconf 95' lang='lat' dir='ltr'>hoc</span> <span class='ocrx_word' id='word_1_181' title='bbox 945 2243 1011 2323; x_wconf 94' lang='lat' dir='ltr'>ipso</span> <span class='ocrx_word' id='word_1_182' title='bbox 1020 2244 1134 2322; x_wconf 88' lang='lat' dir='ltr'>juvene</span> 
     </span>
     <span class='ocr_line' id='line_1_26' title="bbox 225 2321 1188 2404; baseline 0.007 -25"><span class='ocrx_word' id='word_1_183' title='bbox 225 2338 297 2380; x_wconf 91' lang='lat' dir='ltr'>cum</span> <span class='ocrx_word' id='word_1_184' title='bbox 323 2339 379 2381; x_wconf 91' lang='lat' dir='ltr'>sua</span> <span class='ocrx_word' id='word_1_185' title='bbox 405 2321 618 2384; x_wconf 86' lang='lat' dir='ltr'>conferentem.</span> <span class='ocrx_word' id='word_1_186' title='bbox 670 2323 832 2403; x_wconf 87' lang='lat' dir='ltr'>Equidem,</span> <span class='ocrx_word' id='word_1_187' title='bbox 860 2342 929 2386; x_wconf 89' lang='lat' dir='ltr'>cum</span> <span class='ocrx_word' id='word_1_188' title='bbox 957 2343 1012 2404; x_wconf 91' lang='lat' dir='ltr'>per</span> <span class='ocrx_word' id='word_1_189' title='bbox 1038 2341 1134 2383; x_wconf 88' lang='lat' dir='ltr'>annos</span> <span class='ocrx_word' id='word_1_190' title='bbox 1148 2324 1188 2386; x_wconf 78' lang='lat'>25</span> 
     </span>
     <span class='ocr_line' id='line_1_27' title="bbox 224 2401 1135 2482; baseline 0.007 -24"><span class='ocrx_word' id='word_1_191' title='bbox 224 2407 371 2478; x_wconf 88' lang='lat' dir='ltr'>quattuor</span> <span class='ocrx_word' id='word_1_192' title='bbox 383 2410 414 2463; x_wconf 88' lang='lat' dir='ltr'>et</span> <span class='ocrx_word' id='word_1_193' title='bbox 423 2401 535 2481; x_wconf 84' lang='lat' dir='ltr'>viginti</span> <span class='ocrx_word' id='word_1_194' title='bbox 550 2403 649 2482; x_wconf 91' lang='lat' dir='ltr'>primo</span> <span class='ocrx_word' id='word_1_195' title='bbox 662 2403 780 2466; x_wconf 89' lang='lat' dir='ltr'>Punico</span> <span class='ocrx_word' id='word_1_196' title='bbox 790 2404 872 2466; x_wconf 89' lang='lat' dir='ltr'>bello</span> <span class='ocrx_word' id='word_1_197' title='bbox 883 2403 1029 2465; x_wconf 84' lang='lat' dir='ltr'>classibus</span> <span class='ocrx_word' id='word_1_198' title='bbox 1040 2411 1135 2464; x_wconf 88' lang='lat' dir='ltr'>certa·</span> 
     </span>
     <span class='ocr_line' id='line_1_28' title="bbox 224 2482 1134 2559; baseline 0.004 -19"><span class='ocrx_word' id='word_1_199' title='bbox 224 2485 292 2540; x_wconf 92' lang='lat' dir='ltr'>tum</span> <span class='ocrx_word' id='word_1_200' title='bbox 316 2499 384 2541; x_wconf 89' lang='lat' dir='ltr'>cum</span> <span class='ocrx_word' id='word_1_201' title='bbox 409 2482 519 2543; x_wconf 90' lang='lat' dir='ltr'>Poenis</span> <span class='ocrx_word' id='word_1_202' title='bbox 546 2483 698 2559; x_wconf 88' lang='lat' dir='ltr'>recordor,</span> <span class='ocrx_word' id='word_1_203' title='bbox 720 2485 776 2547; x_wconf 84' lang='lat' dir='ltr'>vix</span> <span class='ocrx_word' id='word_1_204' title='bbox 804 2494 936 2547; x_wconf 89' lang='lat' dir='ltr'>aetatem</span> <span class='ocrx_word' id='word_1_205' title='bbox 959 2483 1134 2545; x_wconf 86' lang='lat' dir='ltr'>Alexandri</span> 
     </span>
     <span class='ocr_line' id='line_1_29' title="bbox 223 2559 1132 2640; baseline 0.009 -21"><span class='ocrx_word' id='word_1_206' title='bbox 223 2559 419 2622; x_wconf 85' lang='lat' dir='ltr'>suffecturam</span> <span class='ocrx_word' id='word_1_207' title='bbox 429 2561 521 2624; x_wconf 80' lang='lat' dir='ltr'>fuisse</span> <span class='ocrx_word' id='word_1_208' title='bbox 534 2583 603 2626; x_wconf 88' lang='lat' dir='ltr'>reor</span> <span class='ocrx_word' id='word_1_209' title='bbox 616 2564 657 2626; x_wconf 92' lang='lat' dir='ltr'>ad</span> <span class='ocrx_word' id='word_1_210' title='bbox 672 2584 768 2626; x_wconf 91' lang='lat' dir='ltr'>unum</span> <span class='ocrx_word' id='word_1_211' title='bbox 783 2565 907 2628; x_wconf 90' lang='lat' dir='ltr'>bellum.</span> <span class='ocrx_word' id='word_1_212' title='bbox 943 2565 986 2627; x_wconf 89' lang='lat' dir='ltr'>Et</span> <span class='ocrx_word' id='word_1_213' title='bbox 996 2564 1132 2640; x_wconf 85' lang='lat' dir='ltr'>forsitan,</span> 
     </span>
     <span class='ocr_line' id='line_1_30' title="bbox 224 2640 1133 2726; baseline 0.009 -26"><span class='ocrx_word' id='word_1_214' title='bbox 224 2659 296 2700; x_wconf 88' lang='lat' dir='ltr'>oum</span> <span class='ocrx_word' id='word_1_215' title='bbox 306 2649 336 2703; x_wconf 89' lang='lat' dir='ltr'>et</span> <span class='ocrx_word' id='word_1_216' title='bbox 343 2640 515 2704; x_wconf 84' lang='lat' dir='ltr'>foederibus</span> <span class='ocrx_word' id='word_1_217' title='bbox 527 2647 653 2707; x_wconf 89' lang='lat' dir='ltr'>vetustis</span> <span class='ocrx_word' id='word_1_218' title='bbox 663 2647 772 2726; x_wconf 89' lang='lat' dir='ltr'>juncta</span> <span class='ocrx_word' id='word_1_219' title='bbox 785 2667 833 2708; x_wconf 89' lang='lat' dir='ltr'>res</span> <span class='ocrx_word' id='word_1_220' title='bbox 842 2647 962 2710; x_wconf 84' lang='lat' dir='ltr'>Punica</span> <span class='ocrx_word' id='word_1_221' title='bbox 976 2647 1133 2708; x_wconf 86' lang='lat' dir='ltr'>Romanae</span> 
     </span>
     <span class='ocr_line' id='line_1_31' title="bbox 224 2723 1186 2816; baseline 0.012 -36"><span class='ocrx_word' id='word_1_222' title='bbox 224 2728 309 2794; x_wconf 69' lang='lat' dir='ltr'>meet,</span> <span class='ocrx_word' id='word_1_223' title='bbox 323 2730 354 2783; x_wconf 90' lang='lat' dir='ltr'>et</span> <span class='ocrx_word' id='word_1_224' title='bbox 366 2723 459 2816; x_wconf 75' lang='lat' dir='ltr'>timor</span> <span class='ocrx_word' id='word_1_225' title='bbox 478 2745 536 2804; x_wconf 87' lang='lat' dir='ltr'>par</span> <span class='ocrx_word' id='word_1_226' title='bbox 556 2726 702 2789; x_wconf 84' lang='lat' dir='ltr'>adversus</span> <span class='ocrx_word' id='word_1_227' title='bbox 722 2747 913 2789; x_wconf 89' lang='lat' dir='ltr'>communem</span> <span class='ocrx_word' id='word_1_228' title='bbox 926 2729 1043 2790; x_wconf 91' lang='lat' dir='ltr'>hostem</span> <span class='ocrx_word' id='word_1_229' title='bbox 1056 2727 1132 2788; x_wconf 86' lang='lat' dir='ltr'>duas</span> <span class='ocrx_word' id='word_1_230' title='bbox 1146 2729 1186 2792; x_wconf 87' lang='grc'>30</span> 
     </span>
     <span class='ocr_line' id='line_1_32' title="bbox 223 2806 1132 2940; baseline 0.009 -80"><span class='ocrx_word' id='word_1_231' title='bbox 223 2809 446 2940; x_wconf 67' lang='lat' dir='ltr'>potentissimas</span> <span class='ocrx_word' id='word_1_232' title='bbox 474 2806 567 2868; x_wconf 87' lang='lat' dir='ltr'>armis</span> <span class='ocrx_word' id='word_1_233' title='bbox 591 2806 727 2887; x_wconf 87' lang='lat' dir='ltr'>virisque</span> <span class='ocrx_word' id='word_1_234' title='bbox 754 2808 843 2870; x_wconf 88' lang='lat' dir='ltr'>urbes</span> <span class='ocrx_word' id='word_1_235' title='bbox 871 2818 1013 2882; x_wconf 87' lang='lat' dir='ltr'>armaret,</span> <span class='ocrx_word' id='word_1_236' title='bbox 1041 2808 1132 2870; x_wconf 89' lang='lat' dir='ltr'>simul</span> 
     </span>
    </p>

    <p class='ocr_par' dir='ltr' id='par_1_6' title="bbox 223 2881 1184 3526">
     <span class='ocr_line' id='line_1_33' title="bbox 253 2881 1132 2970; baseline 0.01 -31"><span class='ocrx_word' id='word_1_237' title='bbox 253 2881 342 2942; x_wconf 88' lang='lat' dir='ltr'>unico</span> <span class='ocrx_word' id='word_1_238' title='bbox 357 2883 557 2967; x_wconf 87' lang='lat' dir='ltr'>Rornanoque</span> <span class='ocrx_word' id='word_1_239' title='bbox 570 2886 699 2948; x_wconf 91' lang='lat' dir='ltr'>obrutus</span> <span class='ocrx_word' id='word_1_240' title='bbox 713 2885 794 2950; x_wconf 92' lang='lat' dir='ltr'>bello</span> <span class='ocrx_word' id='word_1_241' title='bbox 805 2898 888 2951; x_wconf 83' lang='lat' dir='ltr'>esset</span> <span class='ocrx_word' id='word_1_242' title='bbox 923 2889 994 2951; x_wconf 89' lang='lat' dir='ltr'>Non</span> <span class='ocrx_word' id='word_1_243' title='bbox 1009 2889 1132 2970; x_wconf 93' lang='lat' dir='ltr'>quidem</span> 
     </span>
     <span class='ocr_line' id='line_1_34' title="bbox 224 2959 1131 3047; baseline 0.013 -28"><span class='ocrx_word' id='word_1_244' title='bbox 224 2959 405 3024; x_wconf 84' lang='lat' dir='ltr'>Alexandro</span> <span class='ocrx_word' id='word_1_245' title='bbox 426 2965 504 3027; x_wconf 92' lang='lat' dir='ltr'>duce</span> <span class='ocrx_word' id='word_1_246' title='bbox 525 2987 580 3028; x_wconf 89' lang='lat' dir='ltr'>uec</span> <span class='ocrx_word' id='word_1_247' title='bbox 602 2968 728 3047; x_wconf 88' lang='lat' dir='ltr'>integris</span> <span class='ocrx_word' id='word_1_248' title='bbox 749 2967 952 3031; x_wconf 89' lang='lat' dir='ltr'>Macedonum</span> <span class='ocrx_word' id='word_1_249' title='bbox 965 2969 1064 3043; x_wconf 86' lang='lat' dir='ltr'>rebus,</span> <span class='ocrx_word' id='word_1_250' title='bbox 1078 2968 1131 3030; x_wconf 90' lang='lat' dir='ltr'>sed</span> 
     </span>
     <span class='ocr_line' id='line_1_35' title="bbox 224 3042 1131 3121; baseline 0.011 -22"><span class='ocrx_word' id='word_1_251' title='bbox 224 3042 343 3121; x_wconf 80' lang='lat' dir='ltr'>experti</span> <span class='ocrx_word' id='word_1_252' title='bbox 365 3054 467 3107; x_wconf 72' lang='lat' dir='ltr'>tamin]</span> <span class='ocrx_word' id='word_1_253' title='bbox 489 3056 561 3108; x_wconf 91' lang='lat' dir='ltr'>sunt</span> <span class='ocrx_word' id='word_1_254' title='bbox 583 3047 716 3109; x_wconf 87' lang='lat' dir='ltr'>Romani</span> <span class='ocrx_word' id='word_1_255' title='bbox 736 3048 935 3111; x_wconf 87' lang='lat' dir='ltr'>Macedonem</span> <span class='ocrx_word' id='word_1_256' title='bbox 949 3050 1065 3111; x_wconf 91' lang='lat' dir='ltr'>hostem</span> <span class='ocrx_word' id='word_1_257' title='bbox 1079 3049 1131 3110; x_wconf 89' lang='lat' dir='ltr'>ad·</span> 
     </span>
     <span class='ocr_line' id='line_1_36' title="bbox 224 3121 1184 3208; baseline 0.008 -26"><span class='ocrx_word' id='word_1_258' title='bbox 224 3140 328 3182; x_wconf 79' lang='lat' dir='ltr'>versus</span> <span class='ocrx_word' id='word_1_259' title='bbox 355 3126 556 3201; x_wconf 90' lang='lat' dir='ltr'>Antiochum,</span> <span class='ocrx_word' id='word_1_260' title='bbox 585 3127 776 3208; x_wconf 90' lang='lat' dir='ltr'>Philippum,</span> <span class='ocrx_word' id='word_1_261' title='bbox 804 3130 924 3204; x_wconf 89' lang='lat' dir='ltr'>Persen,</span> <span class='ocrx_word' id='word_1_262' title='bbox 952 3121 1013 3190; x_wconf 73' lang='lat' dir='ltr'>no&#39;n</span> <span class='ocrx_word' id='word_1_263' title='bbox 1041 3129 1131 3190; x_wconf 88' lang='lat' dir='ltr'>modo</span> <span class='ocrx_word' id='word_1_264' title='bbox 1145 3129 1184 3191; x_wconf 83' lang='lat'>35</span> 
     </span>
     <span class='ocr_line' id='line_1_37' title="bbox 224 3203 1130 3288; baseline 0.008 -27"><span class='ocrx_word' id='word_1_265' title='bbox 224 3220 295 3261; x_wconf 90' lang='lat' dir='ltr'>cum</span> <span class='ocrx_word' id='word_1_266' title='bbox 319 3203 407 3266; x_wconf 88' lang='lat' dir='ltr'>clade</span> <span class='ocrx_word' id='word_1_267' title='bbox 432 3206 506 3282; x_wconf 89' lang='lat' dir='ltr'>ulla,</span> <span class='ocrx_word' id='word_1_268' title='bbox 527 3207 580 3268; x_wconf 93' lang='lat' dir='ltr'>sed</span> <span class='ocrx_word' id='word_1_269' title='bbox 604 3228 643 3268; x_wconf 90' lang='lat' dir='ltr'>ne</span> <span class='ocrx_word' id='word_1_270' title='bbox 667 3229 738 3268; x_wconf 92' lang='lat' dir='ltr'>cum</span> <span class='ocrx_word' id='word_1_271' title='bbox 761 3210 896 3288; x_wconf 90' lang='lat' dir='ltr'>periculo</span> <span class='ocrx_word' id='word_1_272' title='bbox 921 3210 1042 3288; x_wconf 90' lang='lat' dir='ltr'>quidem</span> <span class='ocrx_word' id='word_1_273' title='bbox 1066 3227 1130 3269; x_wconf 92' lang='lat' dir='ltr'>suo.</span> 
     </span>
     <span class='ocr_line' id='line_1_38' title="bbox 224 3281 1131 3361; baseline 0.003 -20"><span class='ocrx_word' id='word_1_274' title='bbox 224 3281 317 3344; x_wconf 90' lang='lat' dir='ltr'>Absit</span> <span class='ocrx_word' id='word_1_275' title='bbox 338 3285 456 3348; x_wconf 88' lang='lat' dir='ltr'>invidia</span> <span class='ocrx_word' id='word_1_276' title='bbox 478 3287 571 3350; x_wconf 89' lang='lat' dir='ltr'>verbo</span> <span class='ocrx_word' id='word_1_277' title='bbox 595 3298 626 3348; x_wconf 92' lang='lat' dir='ltr'>et</span> <span class='ocrx_word' id='word_1_278' title='bbox 650 3288 756 3350; x_wconf 85' lang='lat' dir='ltr'>civilia</span> <span class='ocrx_word' id='word_1_279' title='bbox 776 3287 858 3348; x_wconf 86' lang='lat' dir='ltr'>bella</span> <span class='ocrx_word' id='word_1_280' title='bbox 878 3287 1004 3359; x_wconf 88' lang='lat' dir='ltr'>sileaut;</span> <span class='ocrx_word' id='word_1_281' title='bbox 1031 3289 1131 3361; x_wconf 90' lang='lat' dir='ltr'>[num-</span> 
     </span>
     <span class='ocr_line' id='line_1_39' title="bbox 223 3365 1131 3453; baseline -0.003 -31"><span class='ocrx_word' id='word_1_282' title='bbox 223 3383 317 3441; x_wconf 91' lang='lat' dir='ltr'>quam</span> <span class='ocrx_word' id='word_1_283' title='bbox 331 3365 370 3426; x_wconf 90' lang='lat' dir='ltr'>ab</span> <span class='ocrx_word' id='word_1_284' title='bbox 385 3367 487 3445; x_wconf 88' lang='lat' dir='ltr'>equite</span> <span class='ocrx_word' id='word_1_285' title='bbox 500 3367 610 3443; x_wconf 72' lang='lat' dir='ltr'>hosta]</span> <span class='ocrx_word' id='word_1_286' title='bbox 625 3387 793 3445; x_wconf 88' lang='lat' dir='ltr'>numquam</span> <span class='ocrx_word' id='word_1_287' title='bbox 807 3387 826 3426; x_wconf 87' lang='lat' dir='ltr'>a</span> <span class='ocrx_word' id='word_1_288' title='bbox 840 3367 949 3444; x_wconf 89' lang='lat' dir='ltr'>pedite,</span> <span class='ocrx_word' id='word_1_289' title='bbox 964 3382 1131 3453; x_wconf 82' lang='lat' dir='ltr'>numquam</span> 
     </span>
     <span class='ocr_line' id='line_1_40' title="bbox 223 3444 1132 3526; baseline -0.007 -20"><span class='ocrx_word' id='word_1_290' title='bbox 223 3455 331 3524; x_wconf 79' lang='lat' dir='ltr'>aperta</span> <span class='ocrx_word' id='word_1_291' title='bbox 341 3446 416 3520; x_wconf 88' lang='lat' dir='ltr'>acie,</span> <span class='ocrx_word' id='word_1_292' title='bbox 427 3465 597 3526; x_wconf 89' lang='lat' dir='ltr'>numquam</span> <span class='ocrx_word' id='word_1_293' title='bbox 606 3445 720 3524; x_wconf 84' lang='lat' dir='ltr'>aequis,</span> <span class='ocrx_word' id='word_1_294' title='bbox 729 3444 835 3524; x_wconf 90' lang='lat' dir='ltr'>utiquo</span> <span class='ocrx_word' id='word_1_295' title='bbox 844 3461 1012 3518; x_wconf 84' lang='lat' dir='ltr'>numquam</span> <span class='ocrx_word' id='word_1_296' title='bbox 1021 3447 1132 3500; x_wconf 77' lang='lat' dir='ltr'>nostris</span> 
     </span>
    </p>
   </div>
   <div class='ocr_carea' id='block_1_3' title="bbox 0 0 1318 3796">
    <p class='ocr_par' dir='ltr' id='par_1_7' title="bbox 0 0 1318 3796">
     <span class='ocr_line' id='line_1_41' title="bbox 0 0 1318 3796; baseline 0 4"><span class='ocrx_word' id='word_1_297' title='bbox 0 0 1318 3796; x_wconf 95' lang='lat' dir='ltr'> </span> 
     </span>
    </p>
   </div>
  </div>
 </body>
</html>
