2616 3790
169 209 232 274 108
334 224 424 271 τιτι
451 224 548 274 n1v1
574 205 630 272 sn
656 224 774 275 vana
802 219 994 272 sonorus
1059 245 1062 250 ·

221 380 346 460 quidam
361 380 394 439 in
408 379 538 454 flumen3
559 379 612 441 sed
626 380 759 460 pondere
772 381 837 460 ipso
853 380 985 455 stabiles,
999 379 1125 462 dejectis

222 459 396 534 rectoribus,
411 460 590 539 quaerendis
609 461 827 541 pedetemptim
848 461 935 523 vadis
956 462 989 521 in
1009 471 1124 526 terram

222 559 351 603 evasere.

262 618 392 681 XXIX
434 619 518 679 Dum
532 619 688 699 elephanti
701 619 895 694 traiciuntur,
906 621 1028 682 interim
1037 621 1126 682 Han-

189 701 209 761 5
223 698 309 759 nibal
324 698 476 759 Numidas
490 699 605 778 equites
619 700 799 778 quingentos
813 699 854 760 ad
869 710 968 762 castra
982 702 1126 763 Romana

223 779 346 839 miserat
358 778 558 857 speculatum,
572 777 626 839 ubi
647 787 678 839 et
698 788 831 858 quantae
850 781 956 860 copiae
975 791 1074 842 essent
1094 791 1126 843 et

223 858 297 999 ‹dquid
321 866 473 938 pararent.
515 857 601 919 Huio
626 858 695 919 alae
718 859 855 938 equitum
880 861 972 935 mimi,
993 869 1029 922 ut
1051 871 1126 922 ante

245 939 342 999 ictum
360 946 414 1011 est,
430 937 471 998 ah
494 938 571 999 ostio
595 938 739 999 Rhodani
763 939 891 1001 trecenti
914 941 1128 1003 Romanorum

224 1018 339 1096 equites
372 1026 544 1079 occurrunt
599 1018 756 1079 Proelium
790 1021 922 1080 atrocius
948 1040 1041 1100 quam
1068 1042 1125 1101 pro

172 1099 211 1161 10
224 1117 350 1158 numero
362 1097 566 1177 pugnantium
579 1098 682 1158 editur
689 1121 698 1172 ;
719 1119 791 1159 nam
805 1108 925 1179 praeter
946 1101 1044 1160 multa
1057 1101 1126 1163 vul-

224 1197 299 1238 nera
314 1177 421 1238 caedes
438 1178 532 1238 etiam
550 1198 606 1257 pro
665 1199 722 1256 par
741 1180 896 1259 utrimque
907 1179 976 1252 fuit,
991 1180 1127 1260 fugaque

225 1264 256 1318 et
269 1277 366 1337 pavor
379 1255 586 1318 Numidarum
606 1198 753 1320 hiemans
768 1259 835 1338 jam
855 1259 1020 1320 admodum
1039 1260 1125 1321 fessis

225 1337 384 1399 victoriam
398 1337 491 1398 dedit
532 1336 673 1401 Victores
687 1338 727 1399 ad
741 1347 865 1399 centum
884 1340 1054 1419 sexaginta,
1068 1360 1126 1401 neo

194 1463 196 1466 -
223 1437 326 1478 omnes
354 1417 498 1491 Romani,
521 1417 574 1479 sed
620 1438 669 1479 ars
691 1417 867 1492 Gallorum,
888 1419 962 1481 victi
990 1421 1125 1499 amplius

172 1499 210 1561 15
224 1497 348 1558 ducenti
362 1498 545 1559 ceciderunt.
622 1517 658 1560 oc
671 1498 857 1579 principium
870 1496 962 1559 simul
977 1519 1126 1579 omenque

224 1576 308 1651 belli,
322 1585 358 1638 ut
369 1598 506 1640 summae
519 1599 621 1639 rerum
635 1597 811 1657 prosperum
821 1587 973 1652 eventum,
985 1579 1030 1639 ita
1039 1579 1125 1640 haud

223 1677 296 1718 sano
318 1657 509 1719 incruentam
535 1658 737 1738 ancipitisque
765 1657 939 1719 certaminis
962 1658 1125 1722 victoriam

224 1738 371 1799 Romanis
390 1739 554 1818 portendit

263 1818 317 1891 Ut,
333 1819 423 1880 reita
435 1828 530 1899 gesta,
543 1818 583 1880 ad
597 1827 762 1897 utrumque
775 1816 883 1879 dueem
897 1817 945 1878 sui
958 1817 1125 1892 redierunt,

171 1901 210 1964 20
223 1919 280 1961 nec
300 1899 437 1980 Scipioni
456 1909 538 1961 staro
557 1899 707 1960 sententia
728 1906 857 1977 poterat,
871 1897 930 1958 nisi
947 1906 983 1958 ut
1000 1917 1040 1958 ex
1054 1919 1125 1959 con-

222 1980 300 2042 siliis
323 2001 376 2041 coe
397 1981 496 2060 tisque
522 1980 618 2040 hostis
640 1987 672 2039 et
695 1979 759 2057 ipse
786 1986 912 2038 conatus
939 1986 1069 2057 caperet,
1093 1986 1126 2038 et

223 2060 352 2121 Hannib
386 2081 434 2121 em
461 2061 621 2133 incertum,
645 2067 749 2118 utrum
777 2066 918 2136 coeptum
941 2057 974 2118 iu
998 2057 1125 2118 Italiam

223 2141 394 2203 intenderet
414 2141 481 2214 iter,
495 2161 537 2201 an
557 2159 628 2200 oum
648 2159 693 2212 eo,
707 2137 760 2216 qui
779 2137 947 2218 primusse
966 2136 1125 2198 obtulisset

223 2219 381 2282 Romanus
395 2221 553 2293 exercitus,
568 2239 677 2280 manus
691 2225 868 2289 consereret,
882 2216 995 2278 avertit
1008 2236 1027 2276 a
1040 2237 1126 2296 prae·

170 2300 300 2362 assensi
315 2301 480 2362 conamine
494 2300 641 2362 Boiorum
655 2298 826 2377 legatorum
836 2296 994 2375 regulique
1004 2296 1125 2376 Magali

223 2381 381 2456 advehtus,
396 2382 459 2460 qui,
473 2400 505 2441 se
521 2381 613 2440 duces
627 2379 781 2449 itinerum,
795 2377 890 2437 socios
910 2375 1039 2455 periculi
1060 2377 1125 2436 fore

222 2461 427 2535 adfirmantes,
442 2461 561 2539 integro
581 2458 663 2520 hello
682 2476 833 2535 nusquam
849 2464 921 2516 ante
935 2454 1038 2516 libatis
1052 2456 1125 2518 viri·

222 2540 279 2601 bus
293 2541 420 2602 Italiam
433 2539 671 2619 adgrediendam
682 2544 813 2598 censent
854 2534 1025 2596 Multitudo
1038 2535 1125 2596 time·

222 2619 277 2680 bat
303 2621 426 2700 quidem
453 2621 579 2693 hostem,
606 2618 743 2680 nondum
772 2615 947 2678 oblitterata
977 2615 1126 2676 memoria

170 2699 210 2762 30
222 2701 384 2780 superioris
405 2701 497 2775 belli;
517 2700 570 2760 sed
583 2699 682 2778 magis
699 2698 757 2758 iter
772 2697 943 2756 inmensum
957 2693 1001 2754 Al
1024 2715 1124 2775 esque,

221 2799 287 2840 rem
301 2781 384 2841 fama
398 2781 503 2859 utique
516 2779 682 2859 inexpertis
696 2775 889 2848 horrendam,
903 2715 1068 2867 metuehat

262 2860 375 2922 XXX.
417 2861 527 2939 Itaque
543 2857 714 2930 Hannibal,
729 2865 889 2936 postquam
903 2854 961 2932 1psi
973 2855 1125 2916 sententia

221 2941 306 3002 stetit
332 2960 457 3020 pergere
483 2941 528 3001 ire
554 2948 646 3018 atque
673 2937 800 2998 Italiam
834 2943 945 3014 petere,
972 2933 1125 2996 advocata

222 3021 372 3095 contione,
396 3021 482 3083 varie
509 3019 643 3078 militum
671 3025 773 3079 versat
800 3016 918 3075 animos
945 3013 1125 3093 castigando

170 3100 209 3160 35
223 3099 490 3177 adhortandoque:
512 3098 636 3158 ‘mirari
655 3116 696 3169 se,
715 3097 841 3175 quinam
861 3102 986 3173 pectora
1005 3113 1126 3173 semper

222 3179 379 3256 impavida
393 3197 499 3255 repens
513 3186 609 3236 terror
623 3176 777 3236 invaserit
819 3173 879 3234 Per
892 3181 938 3234 tot
951 3193 1047 3234 annos
1058 3174 1125 3236 vin·

223 3257 317 3316 centis
333 3277 382 3317 eos
401 3255 553 3334 stipendia
567 3254 674 3326 facere,
688 3273 787 3332 neque
807 3263 878 3314 ante
898 3252 1053 3332 Hispania
1074 3273 1124 3314 ex-

222 3336 342 3395 cessisse
363 3354 454 3413 quam
475 3352 577 3393 omnes
596 3341 700 3410 gentes
722 3352 760 3392 ue
780 3341 811 3392 et
831 3341 940 3404 terrae,
961 3352 1038 3411 quas
1062 3333 1125 3394 duo

222 3413 342 3475 diversa
352 3412 450 3484 maria
463 3410 695 3490 amplectantur,
782 3411 1006 3490 haginiensium
1016 3421 1125 3474 essent
