2572 3790
122 183 165 264 24
285 213 377 260 cunr
406 213 503 262 n1v1
533 211 588 259 aa
617 211 733 261 vana
762 211 955 260 couniri

175 369 378 449 facinorisque
409 389 531 430 causam
562 367 692 442 audivit,
720 367 860 429 habitum
887 369 1076 451 formamque
1146 409 1151 416 ·

175 452 235 512 viri
256 450 448 528 aliquantum
469 447 648 528 ampliorem
662 468 722 527 aug
744 449 927 527 stioremque
941 449 1076 512 humana

175 531 305 602 intuens,
327 530 449 608 rogitat,
470 531 523 609 qui
537 529 586 590 vir
606 536 689 588 esset.
732 527 796 589 Ubi
817 549 927 588 nomen
947 539 1076 608 patrem·

176 630 235 690 que
248 629 284 670 ac
298 610 429 688 patriam
444 610 570 688 accepit,
586 613 603 640 “
613 607 692 669 Jove
703 617 782 680 nate,
795 608 953 682 Hercules,
964 611 1048 673 salve
1057 611 1075 638 ’⁹

143 689 294 769 cinquit3
324 694 381 750 “te
407 689 483 748 mihi
512 697 618 761 mater,
639 687 774 750 veridica
801 689 948 766 interpres
976 689 1075 764 deum,

175 777 338 830 aucturum
353 768 528 829 caelestium
543 787 703 828 numerum
718 767 837 841 cecinit,
851 767 968 847 tiquue
988 789 1074 830 aram

175 851 227 911 hic
248 850 385 910 dicatum
405 849 453 922 iri,
475 868 566 927 quam
587 846 817 925 opulentissima
841 847 915 908 olim
935 847 969 908 in
988 850 1077 910 terris

197 949 249 989 ens
277 929 445 990 maximam
465 935 553 990 vocet
580 936 693 1005 tuoque
716 927 779 987 ritu
804 927 914 989 colat.”
955 928 1076 990 Dextra

175 951 326 1070 ilercules
347 1009 421 1068 data
434 1007 571 1086 accipere
590 1027 622 1067 se
643 1026 731 1066 omen
751 1006 999 1088 inpleturumque
1011 1009 1078 1070 sata

124 1092 162 1153 10
176 1110 231 1150 ara
252 1089 376 1150 condita
396 1109 432 1148 ac
452 1087 555 1148 dicata
575 1088 629 1147 ait.
670 1086 721 1146 Ibi
744 1095 810 1147 tum
835 1087 977 1166 primum,
998 1088 1077 1152 bove

176 1170 290 1230 eximia
304 1176 395 1248 capta
409 1168 447 1228 de
460 1188 560 1247 grege,
575 1186 695 1227 sacrum
715 1166 855 1240 Herculi,
870 1168 1017 1230 adhibitis
1036 1169 1077 1229 ad

176 1249 377 1309 ministerium
392 1248 561 1327 dapemque
575 1247 695 1308 Potitiis
709 1267 746 1307 ac
760 1247 901 1321 Pinariis,
916 1269 995 1328 quae
1009 1258 1076 1309 tum

175 1329 312 1389 familiae
326 1328 460 1389 maxime
480 1328 605 1388 inclitae
619 1347 654 1387 ea
668 1327 736 1387 loca
750 1327 934 1402 incolebant,
948 1329 1073 1390 factum.

165 1409 270 1470 'Forte
290 1409 334 1468 ita
355 1409 466 1481 evenit,
481 1416 516 1468 ut
529 1407 637 1468 Potitii
651 1407 691 1466 ad
705 1416 824 1487 tempus
839 1417 956 1486 praesto
970 1405 1089 1481 essent,

125 1491 163 1552 15
176 1490 285 1568 hisque
307 1499 380 1549 exta
404 1496 637 1568 apponerentur,
658 1486 785 1560 Pinarii,
807 1487 885 1548 extis
909 1488 1015 1562 adesis,
1036 1488 1076 1549 ad

98 1569 100 1577 ’
177 1577 309 1631 ceteram
333 1569 473 1631 venirent
498 1568 615 1647 dapem.
658 1565 736 1626 Inde
760 1566 935 1628 institutum
955 1569 1076 1642 mansit,

176 1651 273 1711 donec
304 1649 464 1710 Pinarium
494 1667 588 1728 genus
615 1646 684 1720 fuit,
712 1666 750 1706 ne
778 1648 857 1708 extis
883 1647 1077 1709 sollemnium

177 1739 378 1792 vescerentur.
419 1728 527 1788 Potitii
554 1726 594 1796 ab
622 1726 770 1788 Evandro
798 1728 898 1788 edocti
925 1729 1076 1789 antistites

49 1884 52 1890 .
177 1811 256 1871 sacri
277 1811 340 1890 ejus
382 1830 415 1869 er
434 1807 547 1868 multas
567 1801 680 1867 aetates
701 1807 833 1878 fuerunt,
847 1809 943 1868 donec
963 1809 1078 1869 tradito

124 1889 164 1953 20
178 1891 271 1951 servis
298 1830 431 1968 publicis
458 1888 598 1950 sollemni
624 1886 761 1947 familiae
784 1887 961 1961 ministerio,
983 1908 1077 1967 genus

176 1989 266 2031 omne
280 1969 462 2030 Potitiorum
478 1969 603 2029 interiit.
646 1966 733 2027 Haec
747 1976 812 2027 tum
827 1987 914 2028 sacra
928 1967 1078 2028 Romulus
1102 1983 1106 1990 '

176 2070 240 2110 una
253 2070 293 2110 ex
306 2049 446 2110 omnibus
461 2048 621 2130 peregrina
632 2047 772 2125 suscepit,
782 2049 923 2127 jamtum
935 2049 1078 2109 inmorta-

176 2129 275 2270 qitatis
286 2131 400 2192 virtute
409 2139 526 2211 partae,
535 2128 576 2189 ad
587 2127 679 2209 quam
688 2147 757 2187 eum
768 2148 823 2188 sua
837 2128 902 2190 fata
916 2126 1077 2202 ducebant,

189 2220 286 2272 autor.

124 2291 164 2352 25
217 2290 312 2352 VIII.
355 2289 459 2351 Rebus
479 2288 593 2352 divinis
616 2287 675 2348 rite
698 2288 888 2368 perpetratis,
909 2296 1078 2368 vocataque

177 2369 219 2431 ad
239 2370 403 2432 concilium
423 2370 631 2443 multitudine,
647 2389 725 2448 quae
744 2367 910 2429 coalescere
924 2369 956 2428 in
971 2368 1079 2448 populi

177 2451 268 2512 unius
288 2471 397 2530 corpus
417 2451 505 2511 nulla
524 2471 557 2511 re
577 2459 791 2530 praeterquam
811 2448 929 2527 legibus
949 2456 1077 2528 poterat,

173 2533 247 2612 jura
266 2532 350 2591 dedit
360 2543 466 2610 cquae
480 2532 525 2591 ita
537 2540 645 2591 sancta
672 2529 776 2609 generi
789 2529 946 2588 hominum
967 2528 1079 2608 agresti

75 2620 84 2642 l
179 2612 243 2672 fore
257 2620 350 2685 ratus,
365 2613 390 2672 si
410 2631 441 2672 se
462 2612 526 2690 ipse
540 2609 747 2672 venerabilem
769 2609 937 2687 insignibus
958 2608 1078 2688 imperii

125 2691 165 2754 30
178 2693 305 2765 fecisset,
334 2712 404 2752 cum
432 2700 531 2752 cetero
558 2689 669 2750 habitu
702 2709 734 2750 se
768 2688 984 2768 augustiorem,
1012 2697 1079 2749 tum

178 2772 312 2832 maxime
326 2771 484 2832 lictoribus
498 2770 659 2830 duodecim
679 2770 808 2848 sumptis
829 2769 910 2829 fecit.
951 2767 1019 2828 Alii
1038 2767 1078 2830 ab

178 2872 305 2913 numero
326 2853 440 2926 avium,
455 2871 533 2931 quae
553 2850 683 2928 augurio
704 2868 831 2928 regnum
852 2848 1078 2927 portenderant,

179 2953 249 2993 eum
272 2940 408 2993 secutum
432 2950 593 2991 numerum
618 2938 746 3008 putant;
771 2949 820 2990 me
843 2929 921 2990 haut
944 2929 1080 3008 paenitet

179 3033 284 3073 eorum
294 3012 460 3073 sententiae
471 3031 541 3084 esse,
553 3009 664 3090 quibus
675 3018 705 3070 et
715 3009 902 3088 apparitores
917 3008 974 3068 hoc
984 3028 1080 3088 genus

127 3091 165 3150 35
179 3093 220 3152 ab
241 3093 378 3153 Etruscis
398 3091 545 3163 finitimis,
557 3090 644 3150 unde
666 3088 742 3149 sella
764 3088 887 3162 curulis,
907 3090 989 3149 unde
1008 3096 1080 3168 toga

179 3181 340 3251 praetexta
350 3180 471 3249 sumpta
484 3179 538 3241 est,
550 3177 580 3230 et
590 3189 751 3228 numerum
766 3188 885 3248 quoque
896 3169 997 3248 ipsum
1008 3168 1080 3229 duc·

180 3261 247 3312 tum
261 3252 371 3330 placet,
385 3260 416 3310 et
429 3251 474 3309 ita
487 3249 628 3308 habuisse
646 3248 801 3321 Etruscos,
816 3248 897 3328 quod
914 3268 954 3309 ex
968 3247 1080 3308 duode-

181 3330 242 3390 cim
255 3330 376 3468 populis
391 3329 592 3391 communiter
606 3336 707 3388 creato
728 3347 798 3407 rege
819 3327 954 3407 singulos
967 3327 1080 3408 singuli

181 3410 289 3489 populi
315 3410 422 3471 ictores
435 3408 584 3468 dederint.
