2616 3790
127 205 192 272 178
294 223 384 270 rrur
412 222 509 272 nrvr
537 221 594 269 nn
622 219 739 271 vana
768 219 956 267 conum

178 380 340 442 dictatorio
360 379 487 458 imperio
508 398 652 440 concusso
673 376 774 438 aliena
788 377 906 439 invidia
918 378 1080 458 splenden-

177 471 249 534 tem,
263 459 372 539 volgus
393 459 554 520 extrahere
574 458 615 519 ad
635 457 827 519 consulatum
849 459 1013 532 nitebatur,
1029 479 1081 538 pa-

178 550 239 602 tres
266 560 384 600 summa
411 559 467 618 ope
495 538 667 611 obstabant,
693 557 734 599 ne
759 559 791 599 se
817 539 993 600 insectando
1020 539 1081 599 sibi

177 621 302 700 aequari
326 619 537 680 adsuescerent
560 619 705 681 homines.
748 618 787 696 Q.
808 618 942 692 Baebius
962 619 1082 679 Heren-

143 701 163 762 5
176 702 246 761 nius
259 699 400 761 tribunus
414 699 520 778 plebis,
535 707 682 778 cognatus
696 699 731 762 C.
746 699 878 773 Terenti,
889 699 1082 761 criminando

176 801 238 842 non
261 788 401 840 senatum
425 779 525 853 modo,
544 780 597 841 sed
617 780 710 840 etiam
730 799 869 858 augures,
884 780 966 860 quod
986 780 1083 840 dicta

175 872 273 923 torem
293 859 520 940 prohibuissent
540 860 664 922 comitia
684 861 837 940 perficere,
894 881 910 921 r
929 860 1082 922 invidiam

174 962 279 1002 corum
303 940 440 1003 favorem
466 940 630 1002 candidato
650 961 705 1002 suo
726 941 856 1004 concilia
877 949 927 1002 at:
954 939 1008 1002 ‘ab
1029 940 1082 1001 ho·

174 1020 308 1081 minibus
332 1020 495 1095 nobilibus,
520 1041 575 1101 per
598 1021 712 1084 multos
734 1042 831 1084 annos
851 1020 967 1081 bellum
992 1041 1083 1100 quae·

122 1097 161 1161 10
175 1101 320 1174 rentibus,
350 1101 564 1162 Hannibalem
598 1101 631 1161 in
666 1102 792 1163 Italiam
820 1102 1006 1174 adductum;
1040 1101 1081 1161 ab

174 1181 280 1254 isdem,
308 1201 377 1242 cum
408 1181 557 1243 debellari
584 1182 688 1260 possit,
709 1183 818 1242 fraude
845 1181 960 1242 bellum
988 1180 1081 1242 trahi.

173 1260 253 1321 Cum
281 1270 426 1354 quattuor
460 1262 632 1342 legionibus
660 1263 810 1326 universis
835 1263 969 1343 pugnari
995 1281 1083 1341 posse

173 1352 364 1422 apparuisset
392 1363 437 1417 eo,
466 1343 549 1421 quod
577 1343 621 1402 M.
651 1343 807 1405 Minucius
834 1343 959 1404 ahsente
982 1341 1082 1404 Fabio

173 1442 315 1502 prospere
358 1431 508 1501 ugnasset,
532 1422 607 1483 duas
632 1423 766 1503 legiones
790 1423 871 1485 hosti
894 1423 935 1484 ad
958 1423 1082 1484 caedem

121 1500 160 1561 15
174 1503 315 1582 objectos,
347 1503 436 1564 cinde
450 1525 489 1564 ex
503 1504 570 1583 ipsa
585 1504 677 1564 caede
692 1513 819 1585 ereptas,
830 1512 866 1564 ut
879 1512 967 1583 pater
981 1511 1083 1582 patro·

173 1603 290 1661 nusque
310 1582 530 1662 appellaretur,
551 1584 604 1664 qui
653 1585 715 1646 rius
736 1585 857 1645 vincere
878 1583 1083 1663 prohibuisset

174 1662 327 1723 Romanos
355 1683 448 1742 quam
478 1665 571 1726 vinci.
621 1606 769 1726 donantes
796 1663 906 1725 deinde
932 1662 1082 1724 Fabianis

173 1742 300 1816 artibus,
315 1763 385 1803 cum
410 1743 565 1805 debellare
586 1755 716 1884 possent,
731 1744 847 1805 bellum
863 1744 999 1804 traxisse.
1041 1742 1082 1802 Id

173 1822 279 1883 foedus
306 1822 387 1883 inter
416 1845 519 1885 omnes
548 1845 588 1885 no
610 1824 660 1885 ilis
689 1825 795 1899 ictum,
815 1845 871 1885 nec
894 1823 985 1884 finem
1009 1820 1083 1883 anth

121 1899 160 1961 20
174 1900 247 1962 belli
261 1902 430 1978 habituros,
446 1925 538 1983 quam
555 1905 710 1966 consulem
722 1926 795 1967 vere
808 1903 972 1984 plebeium,
984 1903 1017 1963 id
1036 1911 1083 1963 est

173 1981 327 2043 hominem
340 2004 465 2058 novum,
478 1984 634 2058 fecissent;
656 2005 728 2045 narn
742 1985 875 2065 plebeios
889 1983 1005 2045 nobiles
1015 1979 1082 2062 jani

173 2062 286 2123 eisdem
300 2064 437 2125 initiatos
453 2085 515 2126 osse
529 2065 624 2126 sacris
638 2073 669 2126 et
684 2075 877 2127 contemnere
897 2063 1027 2144 plebem,
1040 2083 1083 2123 ex

173 2163 234 2222 quo
254 2144 408 2204 contemni
441 2165 461 2204 a
494 2145 632 2224 patribus
665 2145 820 2219 desierint,
840 2146 980 2224 coepisse
1022 2141 1083 2204 cui

174 2242 236 2283 non
255 2243 412 2304 apparere,
433 2224 467 2284 id
488 2236 592 2286 actum
607 2235 638 2286 et
652 2227 824 2305 quaesitum
844 2246 915 2299 esse,
935 2233 972 2285 ut
990 2224 1084 2284 inter·

121 2306 161 2367 25
175 2323 302 2382 regnum
330 2305 470 2379 iniretur,
500 2315 535 2366 ut
563 2306 597 2366 in
624 2315 749 2386 patrum
775 2314 925 2386 potestate
958 2303 1084 2364 comitia

174 2386 292 2444 essent?
333 2384 372 2445 Id
393 2385 531 2447 consules
553 2386 660 2448 ambos
680 2387 720 2447 ad
741 2388 910 2448 exereitum
934 2383 1083 2444 morando

174 2464 342 2542 quaesiss03
363 2465 395 2525 id
422 2475 535 2545 postea,
558 2468 633 2546 quia
657 2467 763 2530 invitis
789 2467 827 2528 iis
854 2467 986 2526 dictator
1006 2472 1084 2525 esset
1130 2477 1135 2486 ·
1183 2483 1187 2490 ·

76 2605 81 2632 ι
174 2543 275 2604 dictus
290 2546 484 2608 comitiorum
498 2568 598 2620 causa,
609 2556 818 2628 expugnatum
830 2566 901 2620 esse,
910 2555 945 2606 ut
955 2545 1083 2607 vitiosus

174 2622 307 2685 dictator
333 2646 388 2705 per
417 2649 547 2708 augures
575 2629 667 2690 fieret.
715 2628 841 2689 Habere
867 2626 963 2706 igitur
991 2625 1083 2687 inter-

122 2705 162 2768 30
175 2723 303 2782 regnum
313 2727 380 2780 eos;
398 2709 591 2770 consulatum
604 2729 700 2769 unum
714 2717 796 2770 certe
811 2706 910 2788 plebis
924 2705 1083 2768 Romanae

175 2803 254 2856 ssse3
268 2786 416 2864 populum
433 2788 566 2851 liberum
580 2789 760 2851 habiturum
773 2809 811 2850 ac
825 2787 971 2849 daturum
982 2785 1019 2858 ei,
1028 2785 1082 2864 qui

174 2873 296 2926 mature
309 2867 433 2930 vincere
448 2892 540 2950 quam
554 2870 609 2931 diu
624 2871 774 2951 imperare
786 2867 894 2930 malit!

216 2945 362 3010 XXXV.
405 2950 484 3011 Cum
498 2952 546 3012 his
559 2951 749 3012 orationibus
762 2969 890 3012 accensa
899 2945 985 3027 plebs
996 2955 1081 3020 esset,

175 3025 274 3087 tribus
295 3030 435 3109 patriciis
456 3031 639 3111 petentibus,
654 3032 689 3093 P.
707 3030 850 3093 Cornelio
871 3026 1028 3099 Merenda,
1042 3025 1081 3086 L.

124 3107 163 3168 35
177 3106 296 3170 Manlio
321 3108 465 3185 Volsone,
494 3111 538 3172 M.
567 3111 702 3173 Aemilio
730 3112 857 3191 Lepido,
885 3107 1004 3168 duobus
1030 3126 1082 3166 no·

177 3185 291 3250 bilibus
308 3192 374 3271 jam
395 3191 583 3251 familiarum
604 3191 715 3271 plebei,
729 3191 763 3252 O.
779 3191 878 3251 Atilio
900 3188 1030 3249 Serrano
1050 3197 1082 3247 et

178 3265 216 3342 Q.
238 3267 330 3330 Aelio
352 3269 456 3343 Paeto,
472 3290 602 3349 quorum
622 3272 700 3332 alter
719 3271 868 3351 pontifex,
882 3269 961 3329 alter
982 3287 1082 3346 augur

178 3355 253 3418 erat,
271 3348 304 3408 O.
320 3349 479 3409 Terentius
499 3349 603 3409 consul
625 3371 705 3410 unus
726 3360 855 3422 creatur,
876 3357 912 3408 ut
932 3349 964 3407 in
985 3368 1080 3407 manu

178 3425 241 3503 ejus
256 3428 491 3488 essentcomitia
511 3429 647 3507 rogando
666 3429 818 3510 conlegae.
859 3428 939 3488 Tum
952 3437 1081 3506 experta
