2572 3790
520 240 652 290 nrnnn
676 240 701 307 1,
728 224 781 291 5⁷.
1107 223 1150 292 77

189 397 263 460 inde
284 397 426 537 quam,
444 395 500 456 ubi
520 397 665 460 adversm
686 397 820 460 Rutulos
840 395 956 459 bellum
975 415 1096 460 summa

190 478 224 541 vi
261 497 318 538 ara
338 484 417 537 atur.

261 556 340 620 VIL
381 556 519 618 Ardeam
540 556 651 617 Rutuli
672 556 835 630 habebant,
849 577 931 637 gens,
950 565 985 619 ut
1003 557 1038 618 in
1057 578 1095 620 ea

190 639 317 717 regione
329 644 422 716 atque
435 637 468 696 in
482 655 519 696 ea
531 644 641 710 aetate,
649 637 766 698 divitiis
798 637 984 716 raepollens;
998 657 1095 718 eaque

190 719 260 798 ipsa
274 737 366 778 causa
389 716 463 777 belli
487 717 556 790 furit,
578 717 661 796 quod
683 736 739 776 rex
811 736 919 779 manus
939 719 1093 799 cumipse
1126 719 1147 780 b

190 797 296 871 ditari,
311 797 477 857 exhaustus
496 796 724 877 magnificentia
743 796 937 876 publicorum
956 818 1091 878 operum,

190 887 257 941 tum
281 877 396 957 praeda
420 877 556 938 delenire
581 877 776 957 popularium
797 877 915 940 animos
940 878 1092 952 studebat,

189 968 313 1039 praeter
333 957 427 1018 aliam
446 957 620 1038 superbiam
640 979 733 1038 regno
753 957 877 1020 infestos
895 960 997 1032 etiam,
1011 960 1092 1039 quod

189 1059 222 1100 se
236 1040 270 1099 in
283 1039 440 1100 fabrorum
454 1038 630 1100 ministeriis
649 1059 687 1101 ac
707 1039 812 1102 servili
826 1047 889 1100 tam
904 1039 957 1101 diu
971 1040 1092 1102 habitos

189 1139 282 1199 opere
304 1119 343 1180 ab
365 1141 435 1200 rege
456 1120 726 1201 indignabantur.-
747 1119 908 1200 Temptata
929 1139 976 1182 res
996 1129 1051 1196 est,
1064 1121 1091 1184 si
1106 1120 1146 1186 10

189 1201 290 1280 primo
310 1201 427 1280 impetu
447 1201 517 1280 capi
530 1201 636 1262 Ardea
648 1208 764 1281 posset3
785 1201 839 1262 ubi
852 1201 884 1261 id
899 1221 1008 1282 parum
1021 1222 1091 1282 pro·

189 1281 288 1352 cessit,
297 1279 453 1342 obsidione
464 1282 743 1363 munitionibusque
757 1281 855 1361 coepti
868 1282 966 1362 premi
979 1282 1089 1344 hostes.

189 1360 229 1422 In
243 1361 292 1422 his
308 1363 437 1436 stativis,
450 1371 486 1423 ut
507 1363 542 1425 lit
563 1363 655 1442 longo
676 1363 773 1443 magis
796 1382 888 1442 quam
910 1362 976 1424 aeri
997 1361 1089 1437 bello,

188 1443 263 1504 satis
277 1442 367 1503 liberi
381 1453 565 1505 commeatus
578 1454 675 1518 erant,
683 1443 868 1525 primoribus
878 1451 981 1506 tamen
991 1442 1090 1522 magis

189 1542 283 1602 quam
292 1523 440 1585 militibus
452 1546 459 1598 ;
474 1525 550 1604 regii
560 1525 681 1605 quidem
688 1526 817 1606 juvenes
827 1523 982 1586 interdum
992 1521 1089 1585 otium
1104 1522 1142 1584 15

188 1603 339 1666 conviviis
352 1604 657 1685 comisationibusque
671 1606 752 1666 inter
764 1625 796 1666 se
809 1603 957 1668 terebant

142 1689 146 1696 '
228 1683 322 1746 Forte
335 1685 510 1764 potantibus
523 1686 571 1747 his
585 1686 667 1766 apud
681 1687 751 1748 Sex.
765 1685 975 1781 Tarquinium,
989 1684 1043 1746 ubi
1056 1692 1088 1746 et

186 1761 360 1828 Collatinus
381 1765 510 1828 cenabat
530 1766 722 1846 Tarquinius,
742 1766 848 1846 Egeri1
868 1766 959 1839 filius,
975 1765 1086 1828 incidit

186 1845 226 1906 de
247 1846 395 1907 uxoribus
417 1847 539 1909 mentio.
581 1846 674 1909 Suam
700 1847 826 1928 quisque
849 1845 977 1920 laudare
1000 1846 1084 1908 miris

185 1925 302 1999 modis;
336 1926 407 1988 inde
437 1927 602 1989 certamine
636 1947 769 2001 accenso,
797 1927 966 1989 collatinus
992 1935 1085 2006 negat
1099 1925 1139 1990 2⁰

184 2004 287 2067 verbis
308 2026 383 2086 opus
403 2027 483 2081 esse;
504 2008 610 2087 paucis
623 2007 655 2068 id
670 2007 793 2087 quidem
807 2007 890 2068 horis
903 2027 989 2087 posse
1002 2007 1083 2079 sciri,

185 2094 335 2164 quantum
359 2087 466 2148 ceteris
490 2096 622 2167 praestet
646 2087 792 2148 Lucretia
811 2107 875 2148 sua.
916 2085 1038 2164 “Quin,
1057 2086 1084 2146 si

184 2165 274 2245 vigor
302 2165 449 2246 juventae
478 2167 566 2241 inest,
594 2166 821 2228 conscendimus
856 2186 946 2246 equos
980 2167 1084 2228 invisi·

183 2264 312 2325 musque
338 2255 508 2326 praesentes
535 2257 708 2308 nostrarum
735 2247 879 2326 ingenia?
912 2246 945 2306 id
972 2246 1083 2326 cuique

182 2325 436 2404 spectatissimum
464 2327 511 2401 sit,
559 2328 618 2394 uod
646 2327 827 2406 necopinato
856 2326 917 2389 viri
946 2326 1083 2388 adventu
1097 2325 1137 2388 25

183 2405 351 2468 occurrerit
370 2406 494 2468 oculis.'’
536 2348 736 2468 lncaluerant
751 2407 842 2481 vino;
864 2411 948 2486 “age
962 2425 1035 2468 sane
1046 2409 1053 2468 l
1064 2407 1082 2434 ”

183 2503 297 2546 omnes.

223 2563 332 2626 (litatis
354 2566 438 2646 equis
460 2565 587 2628 avolant
608 2566 749 2629 Romam.
790 2565 861 2645 Quo
883 2565 1082 2647 cumprimis

180 2663 213 2704 se
233 2644 460 2708 intendentibus
480 2647 612 2708 tenebris
632 2648 847 2727 pervenissent,
861 2655 993 2728 pergrmt
1011 2647 1091 2708 inde

180 2722 357 2799 Collatiam,
380 2725 436 2787 ubi
458 2727 635 2789 Lucretiam
663 2728 894 2808 hautquaquam
921 2736 958 2788 ut
984 2728 1045 2788 re'
1095 2726 1136 2791 30

179 2823 285 2878 nurus,
308 2825 384 2886 quas
410 2806 444 2866 in
471 2808 612 2870 convivio
638 2807 777 2887 luxuque
804 2828 874 2870 oum
901 2807 1081 2948 aequalius

179 2884 323 2946 viderant
350 2895 469 2966 tempus
495 2895 634 2961 terentes,
659 2888 712 2948 sed
739 2897 827 2949 nocte
853 2908 921 2948 sera
966 2889 1080 2948 editam

179 2961 271 3025 lanae
297 2965 378 3025 inter
405 2965 601 3028 lucubrantes
628 2967 756 3028 ancillas
779 2968 811 3027 in
836 2967 936 3028 medio
957 2967 1079 3028 aedium

178 3043 332 3104 sedentem
346 3045 515 3107 inveniunt.
551 3046 713 3108 Muliebris
728 3047 901 3108 certaminis
910 3047 977 3107 laus
987 3065 1078 3125 penes

178 3121 357 3184 Lucretiam
373 3125 440 3187 fuit
481 3125 659 3186 Adveniens
669 3127 718 3188 vir
728 3126 947 3204 Tarquiniique
957 3125 1078 3203 excepti
1092 3125 1132 3188 35

177 3199 329 3281 benigne;
350 3204 448 3266 victor
465 3206 592 3266 maritus
613 3206 739 3266 comiter
752 3205 866 3267 invitat
878 3205 975 3284 regios
990 3205 1079 3284 juve-
1148 3236 1150 3240 ·

177 3300 238 3342 nes.
281 3283 331 3344 lbi
345 3283 414 3345 Sex.
426 3284 627 3363 Tarquinium
641 3285 724 3345 mala
738 3284 834 3344 libido
849 3284 1011 3344 Lucretiae
1024 3303 1079 3361 per

177 3361 241 3422 vim
255 3364 442 3442 stuprandae
455 3365 539 3443 capit
548 3385 557 3438 ;
578 3384 648 3425 cum
665 3364 764 3424 forma
780 3371 846 3423 tum
865 3370 1002 3440 spectata
1015 3379 1079 3420 cas-
