2628 3796
451 202 586 251 nrasa
610 203 724 270 xxrr,
751 185 883 252 58-59.
1111 187 1174 254 201

214 360 297 440 scrip
312 356 351 435 ',”
372 356 481 438 inquit,
504 363 620 420 “nemo
643 366 781 420 nostrum
805 359 936 439 ignorat,
952 358 1032 420 nulli
1057 379 1122 420 um-

217 460 309 521 quam
331 438 451 502 civitati
464 439 587 501 viliores
607 439 699 500 fuisse
715 439 853 518 captivos
873 458 966 518 quam
980 449 1122 515 nostrae;

217 528 362 593 ceterum,
382 519 441 579 nisi
461 519 549 580 nobis
572 518 642 611 plus
658 520 743 599 justo
768 528 872 580 nostra
896 517 998 659 placet
1021 540 1122 596 causa,

217 620 279 661 non
299 599 356 660 alii
376 619 521 678 umquam
542 619 642 660 mmus
662 598 844 678 neglegendi
857 619 899 661 vo
921 597 1054 680 isquam
1067 619 1123 662 nos

218 680 252 740 in
265 678 399 740 bostium
412 687 593 759 potestatem
606 688 765 742 venerunt.
806 678 880 742 Non
900 679 982 742 enim
1003 680 1037 740 in
1056 680 1123 743 acis
1156 682 1176 746 5

219 779 273 841 per
296 759 437 820 timorem
461 779 548 819 arma
571 758 762 835 tradidimus,
783 758 846 833 sed,
870 779 942 821 cum
963 780 1059 840 prope
1081 761 1123 822 ad

219 847 340 900 noctem
366 847 571 918 superstantes
605 837 735 899 cumulis
770 858 927 900 caesorum
961 860 1123 921 corporum

219 919 370 998 proelium
394 919 639 992 extraxissemus,
663 918 697 978 in
725 929 825 980 eastra
852 920 1022 1000 recepimus
1049 941 1121 995 nos;

219 998 282 1058 diei
295 998 447 1077 reliquum
461 1018 499 1059 ac
512 1007 632 1060 noctem
652 998 870 1078 insequentem,
884 999 953 1062 fessi
968 999 1073 1062 labore
1086 1019 1123 1062 ac

220 1077 408 1152 vulneribus,
427 1077 546 1141 vallum
566 1098 670 1139 sumus
690 1079 802 1152 tutati;
830 1087 949 1160 postero
973 1081 1032 1156 die,
1053 1101 1123 1142 eum
1138 1083 1177 1146 10

220 1158 408 1222 circumsessi
423 1157 463 1219 ab
477 1160 615 1220 exercitu
628 1159 745 1221 victore
765 1179 846 1238 aqua
866 1179 1047 1236 arceremur,
1068 1181 1124 1223 nec

220 1239 287 1300 ulla
301 1241 370 1320 jam
389 1258 444 1318 per
464 1238 615 1300 confertos
634 1238 729 1300 hostis
750 1239 930 1332 erumpendi
950 1261 964 1302 s
1037 1249 1123 1316 esset,

220 1339 278 1381 nec
298 1339 360 1382 esse
379 1319 464 1380 nefas
484 1319 672 1392 duceremus,
686 1319 911 1399 quinquaginta
929 1320 1054 1382 mribus
1072 1319 1124 1382 bo-

221 1400 339 1460 minum
354 1419 393 1460 ex
406 1399 471 1460 acie
484 1408 587 1460 nostra
600 1399 770 1474 trucidatis,
779 1398 911 1478 aliquem
923 1419 962 1460 ex
973 1400 1124 1462 Cannensi

221 1499 327 1560 pugna
344 1479 517 1541 Romanum
534 1478 664 1540 militem
681 1487 803 1552 restare,
817 1488 893 1540 tunc
906 1479 1028 1540 demum
1041 1480 1124 1560 pacti
1138 1483 1178 1546 lb

221 1579 327 1620 sumus
340 1559 472 1639 pretium
489 1579 549 1640 quo
566 1558 716 1639 redempti
735 1559 968 1634 dimitteremur,
982 1579 1077 1634 arma,
1091 1560 1125 1622 in

223 1639 334 1721 quibus
349 1639 429 1700 nihil
445 1641 512 1720 jam
525 1639 715 1713 auxiliaret,
730 1637 810 1700 hosti
826 1639 1016 1701 tradidimus.
1057 1639 1124 1702 Ma-
1203 1701 1206 1708 ,

221 1724 305 1803 jorcs
317 1739 438 1802 quoque
450 1739 662 1800 acceperamus
674 1738 707 1786 se
720 1739 739 1780 a
753 1718 852 1781 Gallis
866 1739 941 1781 auro
955 1719 1124 1796 redemisse,

222 1811 253 1862 et
279 1811 382 1880 patres
408 1809 533 1875 vestros,
560 1799 742 1880 asperrimos
768 1798 839 1860 illos
867 1799 907 1860 ad
934 1800 1124 1862 condiciones

222 1883 317 1985 pacis,
328 1881 442 1960 legatos
453 1889 557 1942 tamen
568 1881 760 1959 captivorum
770 1879 1014 1942 redimendorum
1046 1881 1125 1943 ratis
1139 1884 1179 1948 20

227 1961 390 2023 tarentum
410 1961 534 2023 misisse.
575 1960 674 2040 Atqui
695 1968 726 2021 et
746 1959 787 2020 ad
804 1959 912 2020 Aliam
931 1981 1002 2022 cum
1072 1961 1124 2023 llis

223 2041 308 2102 etad
322 2040 506 2104 Heracleam
521 2061 590 2102 cum
604 2039 726 2120 Pyrrho
740 2048 869 2119 utraque
883 2060 945 2102 non
959 2049 1022 2103 tam
1036 2041 1125 2103 clade

223 2121 347 2182 infamis
365 2141 457 2201 quam
471 2141 584 2201 pavore
597 2129 628 2180 ct
642 2119 717 2199 fuga
730 2139 836 2200 pugna
848 2119 917 2181 fuit
958 2120 1125 2182 Cannensis

223 2221 347 2281 campos
373 2201 476 2262 acervi
503 2201 713 2263 Romanorum
741 2218 902 2278 corporum
929 2209 1045 2281 tegunt,
1069 2221 1126 2263 nse

223 2301 417 2368 supersumus
431 2301 472 2360 pu
495 2301 552 2342 nae
568 2279 628 2341 nisi
640 2279 675 2340 in
688 2278 799 2360 quibus
819 2278 1010 2341 trucidandis
1024 2290 1054 2342 et
1066 2281 1125 2342 fer·
1139 2285 1177 2348 25

223 2382 293 2422 rum
321 2370 352 2422 et
378 2362 457 2424 viros
507 2370 600 2422 ostem
628 2360 813 2422 defecerunt.
862 2358 942 2421 Sunt
968 2360 1061 2421 etiam
1086 2361 1126 2422 de

224 2441 336 2502 nostris
356 2441 490 2521 quidam,
511 2441 565 2522 qui
584 2461 622 2502 ne
642 2441 675 2500 in
696 2439 763 2501 acie
782 2438 905 2518 quidem
926 2439 1059 2514 fuerunt,
1073 2440 1126 2502 sed

223 2521 376 2602 praesidio
397 2522 503 2582 castris
523 2520 633 2594 relicti,
654 2540 725 2580 cum
747 2529 847 2580 castra
868 2519 1070 2595 traderentur,
1093 2521 1126 2581 in

224 2611 403 2682 potestatem
418 2602 551 2662 hostium
564 2608 723 2664 venerunt
765 2599 862 2660 Haud
876 2600 1017 2680 equidem
1031 2600 1125 2662 ullius

225 2682 302 2744 civis
315 2691 346 2743 et
360 2681 574 2743 commilitonis
588 2682 728 2742 fortunae
741 2689 796 2741 aut
810 2680 982 2742 condicioni
993 2681 1125 2756 invideo,
1140 2686 1180 2748 30

224 2782 281 2823 nec
294 2762 459 2842 premendo
473 2762 567 2823 alium
583 2781 631 2823 me
645 2759 789 2821 extulisse
803 2759 914 2822 velim:
936 2782 975 2822 ne
994 2761 1043 2821 illi
1061 2762 1126 2841 qui·

225 2842 305 2916 dem,
319 2841 377 2902 nisi
392 2841 582 2922 pernicitatis
599 2841 713 2921 pedum
726 2850 758 2900 et
771 2858 877 2901 cursus
897 2841 1023 2935 aliquod
1042 2861 1126 2922 prae-

224 2921 323 2982 mium
336 2931 390 2996 est,
405 2923 470 3002 qui
494 2922 610 3015 lerique
624 2921 752 2981 inermes
767 2939 806 2981 ex
819 2920 884 2981 acie
898 2920 1049 3000 fugientes
1063 2941 1126 2982 non

225 3003 311 3082 prius
338 3022 431 3082 quarn
487 3022 609 3063 enusrae
636 3009 691 3061 aut
717 2998 831 3060 Canusi
858 3003 1068 3072 constiterunt,
1095 3021 1127 3062 se

224 3080 314 3143 nobis
333 3082 443 3144 merito
460 3080 661 3162 praetulerint
680 3079 862 3160 gloriatique
881 3080 952 3155 sint,
967 3082 999 3140 in
1012 3101 1044 3141 se
1056 3080 1126 3160 plus
1140 3084 1180 3146 35

225 3182 318 3241 quarn
340 3162 372 3223 in
392 3162 542 3223 nobismet
560 3160 707 3240 praesidii
726 3159 770 3219 rei
791 3159 934 3239 publicae
954 3181 1024 3222 esse.
1066 3160 1126 3222 sed

224 3251 257 3302 et
277 3243 340 3304 illis
362 3241 448 3304 bonis
468 3262 504 3302 ac
525 3240 655 3302 fortibus
675 3237 826 3300 militibus
847 3239 975 3300 utemini
992 3249 1023 3300 et
1038 3238 1126 3300 nobis

224 3321 318 3382 etiam
333 3321 570 3404 promptioribus
584 3340 639 3400 pro
653 3319 763 3398 patria,
775 3318 856 3395 quod
871 3317 1015 3379 beneficio
1027 3326 1126 3378 vestro
1189 3379 1192 3386 ,

225 3403 376 3487 redempti
390 3412 482 3484 atque
495 3401 528 3461 in
540 3400 674 3482 patriam
687 3396 821 3458 restituti
830 3395 984 3474 fuerimus.
1025 3393 1127 3454 Dilec-
