2616 3790
120 188 185 254 140
291 205 382 252 n1r1
408 203 504 254 n1v1
530 202 585 250 nn
610 203 728 254 vans
757 203 949 254 eornm

172 371 275 424 autem
305 362 337 422 la
358 360 459 422 idibus
493 359 642 441 pluvisset
668 359 701 421 in
729 361 852 434 Piceno,
879 360 1075 423 novemdiale

172 463 292 504 sacrum
313 383 457 515 edictum,
471 451 501 502 et
521 441 651 502 subinde
671 441 741 501 aliis
761 442 961 520 procurandis
982 461 1077 520 prope

173 532 238 584 tota
252 522 360 583 civitas
371 531 496 601 operata
506 520 574 582 fuit.
616 520 689 583 Jam
704 521 838 600 primum
852 523 989 582 omnium
1004 521 1077 581 urbs

174 602 305 663 lustrata
328 609 382 675 est,
403 601 578 680 hostiaeque
602 602 731 682 majores
755 601 865 680 quibus
890 601 1007 662 editum
1031 608 1078 661 est

136 681 160 742 '5
173 683 232 743 diis
255 702 368 756 caesae,
389 689 420 742 et
443 681 557 742 donum
584 702 624 742 cx
651 681 720 742 auri
746 682 848 761 pondo
872 681 1079 760 quadraginta

173 762 350 825 Lanuvium
371 761 489 824 Junoni
509 769 666 841 portatum
685 770 739 835 est,
756 771 787 822 et
807 761 928 841 signum
950 780 1079 822 aeneum

174 852 332 904 matronae
351 841 469 904 Junoni
482 842 515 902 in
526 840 684 902 Aventino
705 841 933 916 dedicaverunt,
949 851 979 903 et
993 840 1079 902 leoti-

174 923 321 983 eternium
335 921 439 994 Caere,
455 921 509 982 ubi
523 929 617 982 sortes
638 921 823 982 adtenuatae
835 930 933 995 erant,
947 922 1077 1002 impera·

174 1011 250 1076 tum,
261 1010 292 1062 et
305 1001 488 1082 supplicatio
503 1001 659 1062 Fortunae
672 1001 705 1061 in
719 1001 853 1080 Algidc;
875 1001 992 1062 Romae
1005 1021 1079 1081 quo-

122 1080 161 1143 10
174 1103 233 1161 que
260 1091 291 1142 et
318 1081 537 1141 lectisternium
565 1090 597 1142 et
629 1080 814 1160 supplicatio
844 1081 1002 1160 juventuti
1036 1080 1079 1141 ad

173 1161 279 1222 aedem
299 1160 444 1221 Herculis
465 1159 656 1234 nominatim,
670 1160 781 1221 deinde
800 1161 943 1222 universo
963 1160 1078 1240 populo

174 1241 256 1302 circa
283 1241 386 1302 omnia
414 1239 590 1320 pulvinaria
617 1240 742 1315 indicta,
763 1249 795 1301 et
822 1240 921 1303 Genio
948 1242 1079 1320 majores

174 1321 291 1382 hostiae
305 1341 409 1382 caesae
422 1321 566 1400 quinque,
576 1329 607 1382 et
616 1320 651 1381 0.
663 1321 782 1382 Atilius
794 1320 942 1382 Serranus
957 1330 1079 1400 praetor

173 1410 247 1464 vota
260 1401 411 1480 suscipere
420 1402 531 1481 jussus,
545 1401 571 1462 si
591 1401 625 1460 in
645 1400 751 1462 decem
771 1421 866 1462 annos
887 1400 1080 1480 respublica

122 1480 160 1543 15
174 1482 279 1543 eodem
303 1481 432 1542 stetisset
454 1489 545 1542 statu.
587 1480 676 1541 Haeo
700 1490 863 1560 procurata
883 1489 1014 1560 votaque
1038 1501 1080 1540 ex

174 1561 261 1655 libris
274 1560 435 1641 Sibyllinis
449 1581 562 1641 magna
574 1581 614 1621 ex
628 1570 717 1642 parte
729 1560 909 1624 levaverant
930 1561 1080 1642 religione

174 1662 298 1702 ammos.
1004 1698 1008 1702 .

215 1719 341 1782 LXIII.
383 1719 551 1782 Consulum
564 1720 791 1802 designatorum
806 1720 884 1782 alter
895 1721 1079 1796 Flaminius,

176 1801 226 1862 cui
246 1821 299 1862 eae
319 1801 452 1880 legiones
472 1823 550 1881 quae
570 1801 748 1862 Placentiae
771 1801 976 1863 hibernabant
999 1811 1081 1864 sorte

122 1882 161 1944 20
176 1890 349 1955 evenerant,
364 1881 498 1942 edictum
519 1890 550 1942 et
571 1881 690 1942 litteras
710 1881 751 1942 ad
768 1881 923 1944 consulem
938 1882 1028 1956 misit,
1043 1891 1081 1944 ut

176 1963 201 2022 is
216 1962 365 2022 exercitus
386 1960 488 2022 idibus
507 1961 621 2022 Martis
634 1961 771 2025 Arimini
784 1961 902 2023 adesset
916 1962 948 2021 in
963 1959 1079 2028 castris.

176 2042 292 2102 Hicin
314 2041 474 2121 provincia
498 2041 690 2102 consulatum
717 2042 795 2103 inire
823 2042 985 2104 consilium
1012 2051 1081 2104 erat

176 2121 302 2182 memori
316 2130 453 2183 veterum
468 2121 669 2182 certaminum
684 2141 754 2182 cum
769 2122 918 2202 patribus,
932 2144 1011 2203 quae
1025 2123 1079 2184 tri·

176 2202 275 2263 bunus
289 2201 386 2280 plebis
400 2210 430 2261 et
444 2221 522 2280 quae
535 2210 640 2280 postea
649 2201 755 2264 consul
766 2202 849 2282 prius
860 2203 898 2264 de
908 2204 1079 2278 consulatu,

123 2283 162 2343 25
176 2283 229 2363 qui
250 2281 466 2361 abrogabatur,
480 2281 552 2342 dein
567 2282 604 2342 de
619 2282 775 2362 triumpho
789 2283 947 2356 habuerat,
962 2284 1080 2347 invisus

176 2363 269 2425 etiam
288 2363 437 2442 patribus·
448 2361 487 2423 ob
507 2383 620 2424 novam
639 2362 747 2442 legem,
762 2384 854 2442 quam
872 2364 911 2440 Q.
929 2364 1080 2426 Claudius

176 2443 316 2504 tribunus
341 2443 447 2523 plebis,
471 2443 600 2504 adverso
623 2453 730 2503 senatu
755 2452 847 2523 atque
869 2465 931 2505 uno
952 2454 1079 2525 patrum

177 2521 342 2604 adjuvante
356 2523 389 2585 G.
405 2523 570 2597 Flaminio
581 2523 705 2596 tulerat,
715 2543 754 2584 nc
768 2525 835 2603 quis
849 2534 979 2598 senator,
990 2525 1080 2588 cuive

176 2613 297 2666 senator
318 2613 405 2684 pater
424 2604 539 2677 fuisset,
559 2603 746 2675 maritimam
767 2625 887 2678 navem,
909 2624 988 2684 quae
1007 2605 1078 2686 plus

123 2684 164 2746 30
177 2705 269 2764 quam
290 2692 493 2745 trecentarum
515 2685 733 2764 amphorarum
754 2693 839 2759 esset,
861 2685 996 2748 haberet.
1039 2686 1079 2747 Id

176 2765 248 2826 satis
262 2762 403 2824 habitum
418 2766 457 2825 ad
472 2764 590 2825 fructus
601 2785 640 2824 ex
651 2764 732 2844 agris
741 2765 921 2839 vectandos3
935 2776 1079 2845 quaestus

176 2845 273 2906 omnis
298 2845 436 2924 patribus
460 2845 619 2905 indecorus
639 2843 730 2907 visus.
772 2845 833 2906 Res
852 2867 908 2925 per
927 2866 1079 2906 summam

176 2926 400 2987 contentionem
415 2934 485 2986 acta
499 2925 647 2987 invidiam
662 2933 738 3004 aput
751 2924 944 2987 nobilitatem
960 2926 1079 2987 suasori

176 3005 252 3086 legis
266 3005 429 3079 Flaminio,
438 3005 573 3067 favorem
584 3014 661 3084 aput
671 3003 790 3084 plebem
804 3006 995 3085 alterumque
1006 3006 1079 3067 inde

123 3084 163 3146 35
177 3085 367 3146 consulatum
383 3085 509 3164 peperit.
551 3083 600 3145 Ob
621 3084 697 3144 haec
718 3093 802 3146 ratus
822 3086 965 3165 auspiciis
978 3106 1079 3147 emen·

176 3163 287 3224 tiendis
308 3163 550 3242 Latinarumque
564 3163 709 3223 feriarum
724 3184 809 3225 mora
822 3175 853 3226 et
867 3165 1079 3227 consularibus

177 3243 245 3302 aliis
274 3241 488 3320 inpedimentis
516 3250 684 3302 retenturos
708 3263 740 3302 se
763 3244 796 3303 in
823 3245 909 3318 urbe,
933 3246 1078 3307 simulato

177 3321 294 3392 itinere,
309 3320 447 3398 privatus
468 3318 547 3378 clam
569 3322 601 3379 in
623 3321 813 3399 provinciam
833 3323 919 3385 abiit.
961 3325 1011 3385 Ea
1029 3346 1078 3386 res

177 3399 230 3458 nbi
244 3398 347 3477 palam
361 3398 444 3458 facta
458 3406 511 3470 est,
526 3418 637 3461 novam
652 3400 775 3478 insuper
789 3403 868 3464 iram
882 3404 999 3464 infestis
1009 3405 1077 3484 jam
