2616 3790
481 193 617 240 mann
643 191 735 257 xxr,
762 175 892 240 23-25.
1116 174 1180 244 10³

186 371 188 378 ·
232 350 348 410 nendos
372 348 502 428 regionis
528 347 661 421 datast
685 347 772 410 mille
798 347 922 426 equites.
963 345 1129 424 Postquam

230 449 284 508 per
298 429 491 508 Pyrenaeum
509 427 621 488 saltum
639 428 760 488 traduci
773 428 925 488 exercitus
938 436 983 486 est
996 435 1129 505 coeptus,
1152 437 1161 454 ·

231 528 394 587 rumorque
407 528 461 587 per
475 507 619 569 barbaros
638 508 777 568 manavit
795 507 905 566 certior
919 505 1051 566 debello
1070 506 1130 566 Rc-

230 609 330 661 mano,
355 588 417 648 tria
439 587 526 646 milia
550 587 622 646 indo
646 586 888 665 Carpetanorum
912 585 1050 664 peditum
1071 585 1131 646 iter

230 675 416 730 averterunt.
457 666 625 728 Constabat
644 686 705 727 non
727 674 791 726 tam
811 665 892 726 bello
913 673 1018 738 motos,
1037 684 1130 744 quam
1164 664 1184 726 5

230 747 454 827 longinquitate
474 747 543 808 viae
563 744 967 825 insuperabiliquc·Alpium
988 744 1129 806 transitu.

230 827 401 901 Hannibal,
415 827 489 906 quia
508 846 651 888 revocare
670 834 725 886 aut
738 824 771 886 vi
794 825 924 886 retinere
947 844 997 884 eos
1020 843 1130 903 anceps

229 917 303 982 erat,
317 927 357 968 ne
371 917 538 969 ceterorum
557 907 650 966 etiam
671 906 784 966 feroces
805 905 901 966 animi
920 903 1130 977 inritarentur,

227 1005 322 1067 supra
339 997 453 1066 septem
473 987 561 1047 milia
580 987 740 1048 hominum
753 986 858 1048 domos
872 984 997 1056 remisit,
1011 1003 1085 1062 quos
1099 991 1130 1044 et

228 1067 308 1146 ipsos
321 1068 445 1148 gravari
459 1066 572 1128 militia
584 1074 728 1140 senserat,
742 1066 929 1146 Carpetanos
949 1084 1069 1144 quoque
1088 1062 1129 1124 ab
1143 1060 1184 1122 10

227 1167 259 1208 sc
273 1147 409 1208 dimissos
422 1147 576 1208 simulans.

269 1227 399 1289 XXIV.
440 1227 526 1300 Inde,
540 1247 580 1288 ne
600 1246 685 1288 mora
705 1234 797 1306 atque
817 1225 914 1287 otium
934 1223 1052 1285 animos
1072 1221 1129 1284 sol·

227 1305 369 1379 licitaret,
394 1326 464 1368 cnm
488 1306 611 1386 reliquis
639 1307 733 1384 copiis
761 1305 952 1384 Pyrenaeum
979 1313 1129 1382 transgre-

227 1386 321 1459 ditur,
341 1395 372 1447 et
399 1386 439 1446 ad
467 1386 612 1466 oppidum
634 1385 757 1446 Iliberri
785 1394 886 1446 castra
908 1384 999 1444 locat.
1041 1381 1128 1444 Galli

227 1485 413 1544 quamquam
430 1466 540 1527 Italiae
558 1466 676 1527 bellum
695 1465 803 1525 inferri
823 1462 1000 1535 audiebant,
1014 1470 1128 1535 tamen,
1143 1459 1182 1522 15

227 1545 300 1624 quia
320 1545 352 1608 vi
378 1545 518 1607 subactos
546 1555 629 1606 trans
657 1546 848 1624 Pyrenaeum
869 1542 1025 1622 Hispanos
1046 1541 1129 1602 fama

225 1634 293 1686 crat
307 1625 517 1704 praesidiaque
530 1625 637 1688 valida
653 1626 794 1704 inposita,
809 1632 892 1683 metu
913 1621 1067 1684 servitutis
1087 1621 1128 1682 ad

226 1724 313 1764 arma
339 1706 522 1766 consternati
549 1705 754 1766 Ruscinonem
781 1704 898 1798 aliquot
925 1701 1032 1782 populi
1059 1722 1129 1763 con-

225 1785 362 1846 veniunt.
397 1785 488 1862 Quod
502 1784 556 1845 nbi
569 1785 744 1846 Hannibali
758 1792 934 1845 nuntiatum
948 1792 1001 1858 est,
1010 1803 1128 1844 moram

224 1865 322 1943 magis
350 1885 442 1943 quam
469 1865 586 1926 bellum
610 1874 756 1937 metuens,
785 1874 918 1934 oratores
942 1865 982 1925 ad
1006 1865 1127 1945 regulos
1142 1859 1182 1922 20

225 1963 330 2004 eorum
351 1945 443 2017 misit,
468 1946 608 2025 conloqui
635 1954 730 2006 semet
753 1946 854 2026 ipsum
881 1966 952 2007 cum
972 1947 1009 2008 iis
1029 1946 1127 2019 velle;

227 2024 287 2100 [et]
315 2024 367 2086 vel
394 2023 443 2085 illi
469 2026 592 2105 propius
621 2025 776 2086 Iliberrim
804 2027 991 2100 accederent,
1018 2026 1068 2088 vel
1096 2046 1128 2086 se

225 2103 431 2164 Ruscinonem
452 2125 669 2184 processurum,
683 2114 719 2166 ut
739 2126 778 2166 ex
798 2107 969 2186 propinquo
990 2126 1127 2186 congres-

224 2202 275 2244 sus
293 2183 415 2246 facilior
427 2193 520 2258 esset;
541 2205 614 2245 nam
634 2195 665 2246 et
685 2195 884 2266 accepturum
904 2207 954 2248 eos
974 2187 1008 2247 in
1028 2196 1128 2247 castra

223 2282 280 2322 sua
292 2284 324 2324 se
338 2264 461 2338 laetum,
476 2285 532 2326 nec
553 2274 733 2327 cunctanter
753 2288 784 2328 ae
805 2268 905 2346 ipsum
926 2267 966 2326 ad
987 2287 1036 2327 eos
1055 2287 1127 2328 ven-
1141 2257 1181 2318 25

224 2350 345 2416 turum;
366 2344 515 2423 hospitem
535 2346 617 2406 enim
637 2367 670 2408 se
691 2346 823 2420 Galliae,
845 2367 906 2408 non
927 2346 1054 2418 hostem,
1075 2346 1127 2405 ad·

223 2423 348 2497 venisse,
364 2443 419 2484 nec
439 2425 616 2486 stricturum
637 2436 709 2488 ante
729 2427 877 2508 gladium,
898 2427 924 2487 si
944 2446 999 2506 per
1019 2424 1127 2487 Gallos

223 2501 324 2576 liceat,
347 2523 439 2582 quarn
462 2505 496 2564 in
519 2506 645 2567 Italiam
671 2509 810 2570 venisset.
852 2506 896 2567 Et
922 2527 976 2586 per
1003 2506 1127 2566 nuntios

222 2582 346 2661 quidem
370 2583 463 2656 haec;
485 2594 520 2646 ut
540 2607 612 2648 vero
636 2587 737 2667 reguli
762 2585 934 2661 Gallorum,
955 2587 1061 2647 castris
1085 2585 1126 2646 ad

222 2661 377 2723 lliberrim
388 2666 541 2744 extemplo
553 2667 651 2741 motis,
660 2667 745 2728 haud
756 2675 920 2746 gravanter
934 2666 975 2727 ad
989 2666 1125 2727 Poenum
1140 2655 1181 2718 30

220 2751 380 2817 venerunt,
394 2745 477 2823 capti
497 2745 584 2806 donis
606 2767 676 2807 cum
697 2747 778 2808 bona
794 2768 870 2827 pace
889 2747 1057 2807 exercitum
1071 2767 1126 2826 per

220 2821 289 2882 finis
315 2843 384 2884 suos
411 2832 531 2904 praeter
559 2825 765 2888 Ruscinonem
786 2827 934 2906 oppidum
954 2827 1124 2887 transmise-

219 2910 301 2963 runt.
984 2958 986 2962 .

259 2981 370 3046 XXV.
413 2982 452 3045 In
466 2983 592 3046 Italiam
610 2985 733 3046 interim
753 2985 834 3046 nihil
852 2984 944 3059 ultra,
958 3005 1051 3064 quam
1065 2985 1122 3046 Hi·

218 3060 325 3123 berum
339 3065 480 3125 transisse
494 3065 714 3139 Hannibalem,
728 3086 748 3126 a
762 3065 1000 3126 Massiliensium
1015 3064 1123 3144 legatis
1139 3065 1179 3128 35

219 3141 350 3202 Romam
364 3145 518 3223 perlatum
531 3154 605 3219 crat,
621 3165 700 3219 curn,
715 3145 842 3225 perinde
856 3165 892 3206 ac
906 3146 932 3205 si
946 3143 1038 3224 Alpis
1055 3146 1122 3224 jam

218 3223 382 3297 transisset,
397 3224 469 3286 Boii
483 3225 654 3286 sollicitatis
671 3225 853 3288 Insubribus
867 3226 1051 3297 defecerunt,
1066 3244 1123 3286 nec

217 3309 281 3362 tam
304 3303 345 3363 ob
369 3313 485 3365 veteres
510 3305 543 3363 in
568 3304 717 3383 populum
745 3305 919 3365 Romanum
940 3305 1009 3374 iras,
1030 3323 1122 3379 quam

219 3382 299 3460 quod
316 3403 415 3462 nuper
434 3385 515 3444 circa
533 3382 656 3444 Padum
672 3383 865 3444 Placentiam
879 3382 1122 3457 Cremonamque
