2616 3790
129 237 172 304 86
305 253 395 302 r1n1
421 250 596 301 n1v1an
619 251 735 301 vana
764 249 956 298 connrna

184 410 336 473 custodias
349 410 552 489 stationesque
565 407 699 469 militum
713 415 944 488 conspexerunt.
985 405 1088 469 Vesti-

186 500 235 552 tus
254 491 333 551 nihil
354 491 435 551 inter
512 489 596 550 uales
616 487 789 561 excellens;
809 509 896 549 arma
909 496 1001 566 atque
1014 486 1087 565 equi

186 570 458 651 conspiciebantur.
529 570 649 649 quitum
669 569 868 648 peditumque
890 568 973 628 idem
996 566 1088 645 longa

185 652 302 732 primus
316 659 399 726 erat;
420 650 560 730 princeps
574 650 607 710 in
620 649 772 731 proelium
787 649 862 723 ibat,
877 647 1004 710 ultimus
1018 667 1089 707 con·

152 732 172 793 5
185 741 265 794 serto
278 731 394 812 proelio
407 731 583 804 excedebat

226 811 295 872 Has
308 819 411 872 tantas
423 811 485 874 viri
499 811 630 874 virtutes
643 809 782 890 ingentia
794 809 874 872 vitia
895 805 1088 888 aequabant:

186 892 356 952 inhumana
382 891 556 966 cmdelitas,
584 891 714 971 perfidia
761 889 811 951 lus
838 909 932 968 quam
959 887 1089 960 Punica,

187 972 267 1032 nihil
283 972 358 1046 veri,
375 971 460 1031 nihih
473 970 581 1045 sancti,
601 971 706 1032 nullus
748 972 817 1031 etlm
837 977 945 1042 metus,
965 966 1090 1030 nullum

189 1052 436 1132 jusjurandum,
456 1052 545 1112 nulla
564 1051 680 1131 religio.
722 1050 801 1112 Cum
823 1049 882 1110 hac
904 1047 1089 1110 1111111111-

134 1133 289 1196 locutum
310 1139 401 1210 atque
420 1132 565 1193 vitiorum
586 1130 718 1192 triennio
737 1131 795 1192 sub
815 1127 1014 1190 Hasdrubale
1034 1127 1090 1186 im·

187 1221 327 1292 peratore
346 1212 467 1286 meruit,
486 1212 575 1273 nulla
595 1232 637 1286 re,
657 1231 737 1292 quae
756 1211 876 1291 agenda
895 1208 1090 1287 videndaque

187 1312 238 1352 ma
259 1313 298 1352 no
312 1291 417 1353 futuro
430 1292 502 1352 duci
517 1300 602 1366 esset,
617 1293 835 1368 praetermissa.

262 1417 269 1433 .
310 1371 452 1433 Ceterum
467 1393 507 1432 ex
521 1393 582 1452 quo
598 1372 648 1433 die
664 1373 730 1432 dux
747 1381 794 1433 est
807 1371 989 1444 declaratus,
1002 1367 1090 1432 velut

187 1449 282 1512 Italia
308 1452 337 1512 ei
363 1452 523 1532 provincia
553 1453 675 1514 decreta
708 1452 885 1532 bellumque
912 1452 1088 1512 Romanum

135 1533 174 1593 15
187 1532 367 1593 mandatum
395 1541 480 1606 esset,
507 1532 586 1592 nihil
614 1532 832 1613 prolatandum
862 1541 957 1605 ratus,
984 1551 1024 1591 ne
1056 1549 1090 1592 11

188 1632 317 1692 quoque,
345 1621 381 1673 ut
408 1621 527 1692 patrem
555 1611 776 1686 Hamilcarem,
805 1613 916 1673 deinde
950 1611 1090 1672 Hasdru·

187 1691 298 1765 balem,
314 1701 508 1753 cunctantem
525 1713 612 1754 casus
632 1693 744 1773 aliquis
764 1713 782 1752 o
804 1693 957 1773 primeret,
971 1691 1090 1770 Sagun·

188 1772 262 1833 tinis
286 1771 399 1832 inferre
422 1771 539 1833 bellum
562 1774 679 1834 statuit.
720 1714 842 1850 Quibus
865 1771 1090 1852 oppugnandis,

188 1852 263 1930 quia
289 1852 366 1913 haut
395 1850 488 1913 dubie
522 1853 663 1913 Romana
696 1872 784 1914 arma
816 1853 1027 1926 movebantur,
1055 1851 1090 1912 in

134 1935 175 1998 20
188 1930 340 1992 Olcadum
368 1932 453 2011 prius
479 1931 554 1993 fines
582 1933 681 2007 (ultra
706 1933 860 1994 Hiberum
887 1953 924 1994 ea
948 1953 1023 2013 gens
1056 1932 1090 1992 in

188 2019 275 2106 parte
288 2013 386 2091 magis
400 2032 493 2090 quam
506 2013 540 2072 in
554 2013 674 2074 dicione
686 2013 986 2093 Carthaginiensium
1005 2015 1089 2090 erat)

188 2092 315 2152 rnduxit
337 2093 515 2166 exercitum,
540 2102 657 2154 utnon
681 2093 792 2172 petisse
818 2093 1012 2188 Saguntinos,
1034 2091 1090 2154 sed

188 2191 290 2233 rerum
310 2172 395 2246 serie,
410 2172 550 2233 finitimis
564 2174 687 2234 domitis
700 2174 852 2252 gentibus,
861 2174 1089 2254 Jnngendoque,

188 2260 304 2313 tractus
317 2252 357 2312 ad
371 2252 404 2312 id
418 2252 533 2312 bellum
548 2253 646 2316 videri
660 2262 767 2332 posset.
808 2253 966 2314 Cartalam
980 2254 1089 2315 urbem

133 2336 174 2398 25
188 2331 373 2412 opulentam,
394 2341 488 2412 caput
507 2333 606 2412 gentis
627 2334 700 2414 ejus,
721 2343 879 2413 expugnat
903 2333 1088 2413 diripitqu03

188 2433 248 2493 quo
269 2421 351 2472 metu
371 2412 528 2492 perculsae
549 2414 680 2475 minores
703 2414 844 2476 civitates
866 2414 1018 2493 stipendio
1043 2414 1089 2474 in·

188 2493 284 2572 posito
299 2493 460 2572 imperium
475 2513 626 2572 accepere.
667 2493 779 2555 Victor
792 2494 944 2555 exercitus
963 2493 1089 2573 opulen-

188 2582 296 2652 tusque
317 2573 431 2652 praeda
451 2571 670 2653 Carthaginem
694 2574 816 2635 Novam
837 2575 870 2634 in
890 2573 1020 2634 hiberna
1043 2582 1089 2635 est

188 2653 345 2714 deductus.
387 2652 438 2713 Ibi
447 2652 534 2733 large
544 2654 704 2732 partiendo
718 2654 863 2733 praedam
877 2653 1090 2733 stipendioque

133 2737 174 2798 30
187 2733 353 2812 praeterito
367 2753 437 2793 cum
450 2733 511 2794 fide
524 2734 709 2797 exsolvendo
723 2734 842 2795 cunctis
860 2734 974 2796 civium
994 2734 1088 2794 socio·

187 2833 316 2892 rumque
329 2813 439 2874 animis
453 2813 486 2873 in
500 2835 532 2875 se
544 2815 682 2888 firmatis,
691 2835 763 2877 vere
775 2815 875 2894 primo
889 2815 922 2874 in
930 2814 1089 2876 Vaccaeos

186 2905 360 2972 promotum
373 2893 498 2956 bellum.
540 2894 751 2956 Hermandica
764 2904 795 2956 et
805 2895 971 2968 Arbocala,
981 2913 1088 2954 eorum

187 2973 285 3048 urbes,
300 2975 332 3036 vi
346 2982 461 3054 captae.
503 2973 661 3036 Arbocala
673 2983 704 3036 et
717 2975 832 3037 virtute
845 2985 876 3036 et
888 2974 1090 3036 multitudine

187 3054 410 3133 oppidanorum
424 3055 478 3116 diu
493 3055 624 3117 defensa.
666 3055 719 3116 Ab
740 3055 951 3116 Hermandica
963 3053 1088 3134 profugi

58 3171 65 3183 .,
134 3135 173 3195 35
187 3133 330 3194 exulibus
357 3135 520 3208 Olcadum,
548 3137 649 3214 priore
676 3144 790 3196 aestate
817 3136 951 3196 domitae
978 3136 1089 3214 gentis,

188 3233 258 3272 cum
279 3233 310 3272 11
325 3214 509 3293 junxissent,
534 3216 690 3276 concitant
710 3215 906 3294 Carpetanos,
926 3213 1090 3294 adortique

187 3291 398 3362 Hannibalem
426 3312 595 3371 regressum
629 3314 669 3354 111
697 3294 846 3354 Vaccaeis
873 3295 951 3355 haut
977 3293 1089 3374 procul

187 3370 271 3448 Tago
290 3371 425 3443 flumine,
446 3391 554 3450 agmen
575 3392 670 3450 grave
690 3373 804 3451 praeda
824 3375 995 3436 turbavere.

228 3449 390 3508 Hannibal
402 3451 519 3528 proelio
532 3450 690 3524 abstinuit,
704 3453 871 3533 castrisque
883 3473 975 3534 super
987 3455 1090 3536 ripam
