2572 3790
131 205 174 271 48
307 222 396 269 amr
422 223 520 271 nrvr
544 222 599 270 aa
625 223 740 272 veen
769 224 963 273 connrrn

225 379 272 442 Ut
291 399 365 442 vero
381 379 446 459 jam
467 379 604 458 equitum
622 379 739 440 clamor
755 381 840 441 exire
855 381 1032 461 jubentium
1047 382 1091 443 in·

186 460 297 533 stabat,
312 460 378 537 jam
398 459 502 536 fragor
522 467 681 532 tectorum,
696 480 773 539 quae
794 461 1005 536 diruebantur,
1021 461 1091 523 ulti·

187 541 245 601 mis
259 540 343 601 urbis
357 538 496 618 partibus
514 538 707 612 audiebatur,
721 540 884 619 pulvisque
898 562 937 602 ex
952 542 1091 604 distanti·

187 619 245 681 bus
259 619 333 680 locis
347 628 431 679 crtus
445 617 531 679 velut
545 617 626 678 nube
640 619 768 680 inducta
782 619 885 680 omni'a
899 621 1091 701 impleverat,

155 697 174 758 5
189 698 312 779 raptim,
326 698 436 779 quibus
451 698 578 778 quisque
593 706 722 838 qoterat,
737 699 835 772 elatis,
850 721 920 760 cum
937 702 1031 763 larem
1054 723 1091 763 ac

189 789 312 860 penates
326 787 475 856 tectaque,
490 779 522 838 in
543 778 596 857 qui
620 798 654 838 us
675 789 766 840 natus
787 780 915 859 quisque
934 783 1092 843 educatus-

189 880 248 939 que
263 868 347 932 csset,
361 859 566 937 relinquentes
580 858 711 932 exirent,
721 859 787 939 jam
803 861 961 923 continens
982 883 1092 941 agmen

188 939 389 1018 migrantium
413 937 585 1017 inpleverat
608 937 683 1012 vias,
707 954 737 1000 et
762 951 938 1020 conspectus
961 943 1092 1003 aliorum

188 1030 296 1081 mutua
329 1018 522 1079 miseratione
556 1018 731 1080 interebat
761 1021 915 1096 lacrimas,
944 1043 1092 1101 vocesque

137 1095 175 1158 10
189 1101 281 1160 etiam
314 1098 501 1159 miserabiles
534 1040 787 1175 exaudiebantur,
815 1102 979 1162 mulierum
1007 1123 1093 1182 prae-

190 1181 288 1260 cipue,
302 1199 371 1240 cum
386 1178 505 1239 obsessa
525 1178 565 1240 ab
587 1180 713 1241 armatis
727 1181 843 1261 templa
863 1191 994 1262 augusta
1007 1203 1093 1262 prae-

189 1261 316 1320 terirent
330 1279 366 1319 ac
381 1258 467 1320 velut
486 1269 590 1340 captos
610 1260 819 1340 relinquerent
832 1262 911 1323 deos.
954 1263 1093 1342 Egressis

190 1339 297 1400 urbem
310 1338 452 1413 Albanis,
468 1337 626 1401 Romanus
667 1342 757 1402 assim
772 1341 897 1421 publica
910 1343 1093 1422 privataque

190 1421 293 1481 omnia
320 1428 401 1480 tecta
428 1419 581 1500 adaequat
606 1362 680 1495 aoid,
702 1441 823 1502 unaque
846 1423 923 1483 hora
946 1423 1093 1501 quadrin-

138 1495 177 1556 15
190 1509 349 1580 gentcrum
371 1520 521 1561 annorum
542 1521 625 1580 opus,
647 1501 758 1580 quibus
778 1501 863 1562 Alba
886 1511 1021 1572 steterat,
1041 1524 1093 1563 ex-

192 1580 272 1641 cidio
283 1600 319 1641 ac
330 1579 427 1640 ruinis
436 1580 530 1642 dedit.
572 1580 708 1661 Templis
722 1590 825 1642 tamen
840 1582 930 1642 deum
942 1583 1000 1657 (ita
1011 1584 1093 1645 enim

33 1651 39 1658 ’
93 1675 95 1682 “
190 1660 326 1721 edictum
341 1657 380 1719 ab
396 1680 466 1740 rege
479 1661 593 1736 firerat)
607 1671 810 1741 temperatum
825 1670 877 1723 est

231 1739 344 1800 XXX.
387 1737 487 1801 Roma
501 1741 623 1802 interim
638 1742 746 1802 crescit
760 1741 862 1802 Albae
881 1742 986 1804 ruinis.
1028 1743 1093 1803 Du-

191 1820 325 1902 plicatur
340 1820 453 1883 civium
464 1841 624 1895 numerus;
638 1821 760 1883 Caelius
774 1822 899 1883 additur
913 1823 981 1884 urbi
997 1844 1094 1897 mons,

138 1895 178 1956 20
192 1910 233 1976 et,
253 1921 313 1982 quo
338 1901 525 1980 frequentius
549 1901 750 1975 habitaretur,
771 1923 839 1962 eam
861 1904 961 1964 sedern
983 1904 1094 1965 Tullus

192 1983 295 2062 regiae
310 1981 401 2062 capit,
417 1981 521 2061 ibique
534 1982 643 2042 deinde
656 1981 819 2044 habitavit.
861 1982 1019 2062 Principes
1038 1983 1094 2044 Al-

194 2062 344 2125 banorum
365 2063 397 2122 in
418 2071 528 2142 patres,
543 2070 578 2122 nt
599 2082 635 2123 ea
656 2081 776 2142 quoque
796 2083 866 2142 pare
887 2064 930 2124 rei
951 2063 1094 2144 publicae

195 2151 351 2213 cresceret,
371 2141 454 2221 legit,
475 2141 601 2216 Tullios,
626 2141 779 2216 Servilios,
803 2142 974 2219 Quinctios,
995 2143 1094 2223 Gega-

195 2225 270 2298 nios‚
295 2223 457 2294 Curiatios,
481 2222 628 2295 Cloelios3
649 2223 857 2302 templumque
881 2224 981 2284 ordini
1002 2223 1042 2285 ab
1062 2243 1095 2284 se

139 2310 180 2370 25
195 2314 287 2366 aucto
308 2303 424 2364 curiam
444 2302 525 2376 fecit,
540 2322 618 2383 quae
642 2302 778 2364 Hostilia
798 2323 834 2362 us
855 2323 893 2363 ue
913 2302 953 2363 ad
970 2314 1095 2383 patrum

192 2394 365 2446 nostrorum
393 2392 523 2444 aetatem
552 2381 708 2463 appellata
735 2391 787 2444 est.
830 2324 873 2443 {t
895 2391 931 2443 ut
957 2383 1094 2444 omnium

192 2465 333 2526 ordinum
348 2463 466 2524 viribus
480 2463 598 2542 aliquid
619 2484 658 2523 ex
678 2483 758 2525 novo
777 2461 892 2557 populo
913 2462 1094 2536 adiceretur,

193 2545 330 2624 equitum
352 2543 454 2604 decem
476 2553 592 2604 turmae
613 2564 653 2604 ex
668 2542 801 2603 Albanis
821 2543 904 2622 legit,
918 2542 1051 2622 legiones
1064 2551 1096 2604 et

192 2634 308 2688 veteres
322 2623 424 2684 eodem
440 2623 651 2702 supplemento
662 2622 799 2702 explevit
813 2632 843 2682 et
857 2643 951 2684 novas
965 2623 1094 2702 scripsit.

140 2709 181 2771 30
234 2704 304 2764 Hae
319 2704 432 2764 fiducia
446 2703 558 2764 virium
575 2703 684 2763 Tullus
706 2703 827 2763 Sabinis
844 2700 959 2763 bellum
975 2702 1096 2777 indicit,

193 2785 277 2865 genti
305 2804 341 2845 aa
368 2792 548 2863 tempestate
573 2782 741 2844 secundnm
764 2783 910 2844 Etruscos
932 2783 1095 2862 opulentis-

193 2866 287 2926 simae
306 2865 381 2927 viris
401 2864 562 2942 armisque.
604 2862 769 2941 Utrimque
789 2864 921 2924 in'uriae
941 2863 1041 2923 factae
1059 2883 1096 2922 ac

193 2964 240 3005 res
261 2945 446 3025 nequiquam
467 2952 555 3004 erant
575 2944 739 3022 repetitae:
761 2885 870 3003 Tulius
887 2942 927 3003 ad
946 2942 1097 3004 Feroniae

193 3024 300 3084 fanum
315 3033 450 3084 mercatu
465 3022 618 3102 frequenti
634 3022 837 3101 negotiatores
858 3022 1012 3084 Romanos
1028 3042 1096 3083 con·

140 3106 181 3167 35
194 3103 355 3243 prehensos
381 3102 579 3241 querebatur;
601 3102 717 3175 Sabini,
738 3122 839 3164 servos
866 3123 935 3163 suos
958 3103 1044 3183 prius
1063 3103 1097 3162 in

194 3203 302 3322 bqqprq
323 3202 379 3320 cqn
394 3183 493 3261 ugisse
515 3202 551 3242 ac
576 3182 693 3243 Rornae
713 3190 853 3243 retentos.
896 3182 967 3243 Hae
988 3201 1097 3245 causae

260 3282 269 3320 1
298 3281 346 3321 ere
368 3272 468 3320 antur.

235 3340 351 3411 Sabini,
375 3341 452 3400 baut
475 3358 584 3418 parum
608 3359 763 3414 memores,
784 3349 814 3401 et
838 3361 962 3401 suarum
983 3341 1097 3403 virium

195 3429 315 3501 partem
337 3420 453 3480 Rornae
476 3419 516 3479 ab
536 3418 624 3479 Tatio
650 3420 779 3479 locatam
798 3430 828 3481 et
845 3421 1017 3481 Romanam
1032 3441 1097 3480 rem
