2628 3796
419 258 554 308 nrusn
579 259 780 327 xxxvnr,
804 243 936 309 50-51.
1114 242 1180 310 215

222 556 523 638 xxxvr11,50-53,
545 557 599 640 56,
622 554 763 622 57.-1›.
787 573 901 622 semo
922 569 1129 622 sumemus

265 660 485 710 socvsauvu.
501 661 584 711 nrvs
602 661 736 710 omnmo
750 661 803 709 nn
824 660 1008 726 rorvuvu,
1024 659 1129 727 nous,

265 748 418 798 nsvnsrs.

262 896 299 958 L
341 897 524 958 Onrsnssrr
546 896 658 960 deinde
680 897 865 960 mentionem
890 895 1129 976 memoriamque

222 997 343 1038 omnem
365 977 565 1039 contentionis
587 979 679 1059 hujus
700 979 798 1058 majus
820 986 942 1039 etcum
963 977 1078 1038 ma'ore
1097 984 1129 1038 et

222 1057 352 1118 clariore
364 1058 432 1119 viro
452 1067 606 1119 certamen
620 1066 730 1120 ortum.
770 1057 805 1119 P.
820 1056 956 1136 Scipioni
1032 1058 1128 1132 cano,

222 1145 259 1198 ut
271 1137 414 1198 Valerius
435 1137 547 1199 Antias
567 1145 747 1212 auctorest,
767 1137 829 1198 duo
849 1136 889 1214 Q.
910 1137 1027 1198 Petillii
1047 1137 1130 1199 diem

222 1217 376 1278 dixerunt
418 1217 466 1291 Id,
481 1227 573 1296 prout
593 1219 740 1298 cujusque
760 1217 917 1296 ingenium
939 1225 1014 1291 erat,
1036 1217 1128 1278 inter·
1161 1216 1182 1280 5

222 1297 431 1377 prolabantur.
465 1297 533 1358 Alii
543 1318 605 1359 uon
619 1297 757 1359 tribunos
770 1296 877 1376 plebis,
888 1297 940 1358 sed
954 1297 1129 1359 universam

222 1378 388 1452 civitatem,
413 1397 492 1456 quae
518 1378 552 1439 id
579 1377 646 1457 peti
672 1385 780 1457 posset,
803 1377 1002 1438 incusabant:
1035 1376 1129 1438 ‘duas

221 1458 374 1518 maximas
393 1457 475 1518 orbis
497 1466 649 1518 terrarum
674 1457 764 1518 urbes
787 1457 923 1536 ingratas
946 1475 1008 1517 uno
1034 1477 1130 1536 prope

220 1546 357 1617 tempore
377 1537 410 1598 in
429 1536 581 1616 principes
602 1538 752 1611 inventas,
767 1536 898 1597 Romam
918 1536 1128 1616 ingratiorem,

220 1619 247 1678 si
276 1618 399 1696 quidem
423 1617 506 1680 victa
533 1617 690 1697 Carthago
712 1617 828 1679 victum
856 1615 1067 1678 Hannibalern
1094 1617 1183 1680 in10

219 1698 363 1759 exsilium
387 1697 562 1777 expulisset,
582 1698 683 1759 Roma
702 1697 817 1760 victrix
837 1698 985 1760 victorem
1008 1696 1129 1760 Africa·

218 1797 294 1838 num
308 1775 462 1858 expellat'
501 1777 579 1852 Alii,
593 1777 761 1838 ‘neminem
775 1797 871 1840 unum
889 1777 988 1841 civem
1007 1786 1129 1840 tautum

219 1859 353 1919 eminere
379 1858 498 1933 debere,
522 1867 559 1920 ut
585 1858 595 1918 l
635 1858 704 1919 ibus
728 1857 908 1938 interrogari
930 1878 993 1920 non
1016 1860 1128 1939 possit;

218 1938 299 1999 nihil
313 1947 378 2000 tam
391 1938 569 2018 aequandae
590 1938 614 1999 li
635 1938 741 2000 ertatis
761 1958 832 2012 esse,
847 1959 939 2018 quam
959 1940 1129 2018 potentissi-

218 2039 305 2079 mum
328 2039 478 2098 quemque
504 2039 590 2099 posse
613 2019 714 2080 dicere
738 2039 870 2082 causam.
911 2019 997 2097 Quid
1023 2029 1127 2082 autem
1142 2019 1182 2082 15

218 2107 287 2159 tuto
310 2099 464 2178 cuiquam,
484 2099 597 2160 nedum
620 2119 770 2160 summam
790 2119 855 2161 rem
875 2099 1040 2180 publicam,
1061 2121 1127 2181 per·

219 2179 312 2253 mitti,
331 2178 358 2239 si
381 2179 460 2240 ratio
483 2199 544 2240 uon
565 2180 605 2241 sit
625 2178 801 2241 reddenda?
840 2180 904 2258 Qui
924 2181 975 2260 jus
995 2200 1128 2260 aequum

218 2259 291 2400 pppie
309 2279 371 2320 non
394 2260 498 2339 possit,
523 2260 555 2320 iu
583 2280 653 2321 eum
676 2260 742 2323 vim
769 2260 853 2321 haud
877 2262 1021 2341 injustam
1044 2261 1127 2323 esse?

292 2359 309 2400 c
321 2340 440 2420 agitata
460 2340 657 2414 sermonibus,
671 2340 767 2402 donec
781 2340 844 2402 dies
858 2361 966 2402 causae
980 2340 1128 2403 dicendae

217 2420 313 2481 venit.
354 2419 420 2481 Nec
435 2419 513 2482 alius
527 2429 617 2482 antea
631 2421 791 2501 quisquam
805 2441 862 2482 nec
875 2421 929 2481 ille
941 2421 1006 2500 ipse
1024 2420 1126 2500 Scipio
1141 2421 1181 2485 20

218 2499 324 2561 consul
345 2520 488 2564 censorve
508 2501 622 2581 majore
642 2501 740 2562 omnis
759 2502 877 2580 generis
897 2501 1056 2562 hominum
1069 2501 1127 2563 fre-

241 2581 345 2642 uentia
366 2601 458 2660 quam
478 2601 548 2642 reus
567 2581 623 2642 illo
646 2581 697 2642 die
719 2581 753 2641 in
777 2580 876 2642 forum
901 2590 947 2643 est
969 2581 1126 2644 deductus.

218 2600 328 2722 iussus
348 2660 450 2722 dicere
469 2681 601 2735 causam,
620 2661 685 2722 siue
705 2661 770 2722 ulla
791 2661 953 2724 criminum
972 2663 1127 2724 mentione

218 2741 386 2802 orationem
401 2739 477 2802 adeo
490 2741 683 2822 magnificam
698 2742 839 2803 derebus
859 2741 899 2802 ab
918 2761 952 2802 se
970 2742 1061 2821 gestis
1082 2751 1127 2802 est

219 2840 352 2895 exorsus,
366 2829 402 2882 ut
421 2820 494 2882 satis
514 2829 674 2894 constaret,
690 2821 841 2882 nemiuem
863 2840 914 2881 um
936 2841 1008 2882 uam
1027 2842 1126 2902 neque
1140 2821 1180 2883 25

219 2898 327 2961 melius
339 2920 439 2981 neque
448 2900 549 2963 verius
559 2899 719 2962 laudatum
730 2921 801 2963 esse.
842 2841 1126 2962 Dicebanturenim

218 2977 259 3038 ab
280 2999 311 3039 co
332 2979 438 3040 eodem
459 2979 560 3038 animo
580 2978 768 3058 ingenioque,
783 2997 843 3058 quo
862 2986 947 3057 gesta
967 2989 1071 3053 eraut;
1093 2989 1125 3042 et

219 3058 341 3119 aurium
363 3057 518 3119 fastidium
540 3057 655 3131 aberat,
675 3059 747 3138 quia
766 3077 822 3139 pro
842 3057 987 3137 periculo,
1007 3079 1068 3122 nou
1090 3061 1122 3121 in

217 3136 347 3215 gloriam
361 3135 578 3198 referebantur.

258 3214 314 3276 LI.
356 3216 486 3276 Tribuni
500 3223 604 3279 vetera
624 3211 765 3275 luxuriae
779 3211 909 3274 crimino
922 3211 1125 3293 Syracusano
1139 3210 1178 3272 30

219 3317 288 3355 rum
313 3295 511 3357 hibernorum
531 3303 562 3356 et
582 3294 688 3356 Locris
709 3293 936 3355 Pleminianum
957 3291 1125 3352 tumultum

219 3395 289 3436 cum
317 3376 357 3436 ad
384 3375 474 3436 fidem
503 3374 705 3454 praesentium
734 3373 898 3432 criminum
929 3369 1125 3435 rettulissent,

218 3453 442 3533 suspicionibus
463 3455 560 3532 magis
581 3471 674 3530 quam
694 3451 881 3528 argumentis
895 3446 1042 3526 pecuniae
1055 3463 1124 3520 cap
