2628 3796
337 277 342 284 -
445 257 578 304 mana
603 255 719 322 xx11,
746 237 877 304 60-61.
1096 233 1161 298 205

205 416 310 480 sciant.
353 414 534 476 Maluerunt
547 413 580 472 in
593 412 731 474 tentoriis
752 410 881 472 latentes
901 405 993 470 simul
1007 407 1107 469 lucem

206 509 297 578 atque
321 495 439 557 hostem
463 501 634 574 expectare,
657 511 727 553 cnm
751 490 875 564 silentio
893 489 990 552 noctis
1010 508 1108 550 erum-

206 576 298 657 pendi
326 575 441 636 occasio
469 581 552 635 esset.
601 573 645 632 At
666 571 706 632 ed
722 569 940 650 erumpendum
962 587 979 628 e
1005 566 1111 627 castris

207 656 305 717 defuit
331 655 459 727 animus,
480 654 520 714 ad
546 651 677 714 tutanda
703 649 823 712 fortiter
849 656 948 709 castra
974 646 1111 708 animum

208 733 399 805 habuerunt3
430 731 495 792 dies
522 738 684 808 noctesque
711 729 827 808 aliquot
854 726 965 788 obsessi
991 726 1110 788 vallum
1142 725 1164 787 5

208 815 309 887 armis,
324 834 355 874 se
376 812 434 892 ipsi
454 810 547 872 tutati
562 809 646 871 vallo
666 817 755 882 snnt3
776 805 900 869 tandem
915 806 1025 867 ultima
1042 807 1109 868 ausi

207 895 358 974 passique,
380 913 449 954 cum
470 891 572 952 omnia
593 889 729 950 subsidia
749 888 832 950 vitae
855 886 991 948 deessent
1010 886 1110 948 adfec-

207 975 308 1053 tisque
332 973 412 1033 fame
431 971 549 1034 viribus
573 988 659 1030 arma
679 969 744 1061 jam
769 967 916 1028 sustinere
939 967 1109 1046 nequirent,

206 1053 437 1114 necessitatibus
451 1051 546 1130 magis
561 1050 704 1110 humanis
719 1067 810 1128 quam
826 1046 918 1108 armis
933 1045 1008 1109 victi
1028 1056 1109 1108 sunt.

207 1133 285 1194 Orto
301 1133 365 1194 sole
378 1133 472 1194 hostis
492 1132 533 1192 ad
546 1129 667 1193 vallum
688 1127 830 1201 accessit3
853 1135 925 1188 ante
944 1127 1110 1187 secundam
1125 1125 1166 1188 10

206 1213 324 1288 horam,
338 1213 458 1274 nullam
470 1210 627 1273 fortunam
645 1208 819 1271 certaminis
836 1207 964 1287 experti,
978 1207 1111 1268 tradide-

208 1300 282 1350 runt
309 1309 396 1350 arma
422 1309 458 1350 ac
491 1307 523 1349 se
545 1289 634 1369 ipsos.
674 1286 762 1348 Haec
787 1285 874 1348 vobis
899 1286 1025 1346 istorum
1058 1303 1113 1365 per
1187 1351 1189 1356 ¹

186 1445 188 1448 v
206 1369 336 1430 biduum
350 1368 462 1429 militia
475 1368 543 1430 fuit.
584 1367 664 1429 Cum
683 1368 718 1427 ic
737 1365 801 1428 scie
820 1374 900 1426 stare
920 1383 956 1425 ac
976 1383 1113 1445 pugnare

208 1448 361 1520 decuerat,
379 1457 446 1509 tum
467 1448 500 1508 in
520 1455 621 1509 castra
641 1445 838 1526 refugerunt3
859 1463 930 1506 cum
950 1463 1006 1522 pro
1026 1443 1111 1506 vallo

206 1527 409 1609 pugnandum
433 1535 507 1601 erat,
527 1536 628 1589 castra
647 1526 850 1599 tradiderunt,
872 1543 971 1604 neque
992 1523 1025 1583 in
1045 1523 1112 1584 acie
1126 1523 1165 1585 15

207 1627 306 1687 neque
333 1608 367 1668 in
393 1608 500 1669 castris
526 1607 625 1668 utiles.
668 1607 712 1668 Et
738 1626 793 1669 vos
821 1604 992 1666 redimam?
1032 1603 1111 1666 Oum
1189 1647 1192 1654 -

207 1705 365 1764 erumpere
385 1705 401 1746 c
420 1685 525 1746 castris
544 1691 671 1764 oportet,
691 1682 877 1744 cunctamini
904 1700 940 1742 ac
966 1681 1112 1755 manetis;

207 1785 279 1826 cum
305 1783 427 1826 manere
453 1771 484 1824 et
510 1773 609 1826 castra
635 1762 730 1824 tutari
751 1763 843 1824 armis
870 1781 989 1823 necesse
1008 1770 1062 1835 est,
1081 1769 1112 1823 et

208 1847 310 1899 castra
323 1847 355 1900 et
366 1860 453 1901 arma
469 1849 500 1902 et
512 1861 566 1904 vos
585 1842 665 1922 ipsos
687 1841 808 1903 traditis
829 1839 918 1902 hosti.
960 1839 1029 1920 Ego
1049 1859 1111 1902 non

208 1917 306 1998 magis
334 1919 406 1980 istos
433 1921 630 1996 redimendos,
659 1932 760 2002 patres
792 1920 965 2000 conscripti,
995 1939 1109 1995 censeo,
1126 1918 1166 1982 20

209 2017 301 2078 quam
316 1998 384 2060 illos
398 1999 550 2062 dedendos
561 2001 743 2077 Hannibali,
755 2001 807 2081 qui
821 2021 876 2081 per
889 2001 1004 2063 medios
1017 2001 1112 2062 hostis

208 2098 227 2138 e
246 2079 352 2140 castris
372 2090 538 2159 eruperunt
558 2101 594 2142 ac
615 2101 669 2163 per
688 2101 839 2143 summam
854 2081 1001 2146 virtutem
1014 2101 1046 2143 se
1058 2101 1112 2163 pa·

209 2158 287 2219 triae
301 2159 525 2221 restituerunt.''

249 2238 339 2299 LXI.
381 2239 547 2320 Postquam
575 2241 709 2304 Manlius
735 2243 826 2320 dixit,
848 2266 1033 2326 quamquam
1058 2266 1113 2326 pa·

209 2326 292 2378 trum
314 2339 432 2398 quoque
456 2321 614 2402 plerosque
639 2325 753 2402 captivi
780 2327 961 2406 cognatione
985 2328 1113 2407 attinge·
1128 2323 1168 2385 25

210 2398 294 2471 bant,
308 2410 428 2478 praeter
441 2402 616 2481 exemplum
631 2403 765 2466 civitatis
788 2407 912 2468 minime
926 2408 959 2467 in
975 2409 1111 2487 captivos

211 2478 278 2558 jam
305 2479 380 2540 inde
403 2481 571 2574 antiquitus
598 2483 795 2565 indulgentis,
823 2487 970 2566 pecuniae
995 2508 1115 2582 quoque

210 2579 330 2619 summa
344 2559 478 2622 hommes
495 2562 600 2637 movit,
615 2565 688 2644 quia
702 2585 758 2627 nec
774 2568 925 2629 aerarium
941 2567 1114 2643 exhaurire,

211 2659 324 2718 magne
346 2659 412 2719 Jam
438 2661 558 2703 summa
584 2655 708 2724 erogata
732 2648 766 2708 in
788 2668 889 2711 servos
909 2648 949 2709 ad
971 2648 1115 2710 militiam

211 2719 353 2811 emendos
386 2722 617 2814 armandosque,
645 2746 701 2787 neo
731 2728 951 2802 Hannibalem,
979 2730 1115 2790 maxime
1129 2727 1169 2790 30

212 2797 338 2878 hujusce
358 2817 402 2860 rer
417 2800 467 2875 (ut
480 2802 564 2864 fama
577 2806 658 2884 erat)
675 2817 823 2888 egentem,
838 2808 1021 2888 locupletari
1035 2808 1116 2871 vole·

212 2877 298 2973 bant:
338 2877 417 2940 Gum
431 2880 518 2944 triste
532 2904 717 2965 responsum,
732 2891 741 2920 ‘
749 2908 811 2949 non
833 2889 943 2950 redimi
958 2887 1115 2969 captivos,’

212 2957 368 3057 redditum
391 2969 476 3034 esset,
500 2983 658 3047 novusque
681 2987 774 3048 super
794 2977 927 3030 voterem
948 2967 1049 3037 luctus
1069 2965 1116 3030 tot

217 3050 340 3122 jactura
360 3043 479 3114 ¹civium
502 3045 637 3125 adjectus
658 3055 741 3121 esset,
764 3067 834 3108 cum
857 3047 1118 3128 magnis'fletibus

213 3123 420 3262 qpestibusquc
459 3123 573 3204 legatos
613 3127 654 3188 ad
693 3133 814 3208 portam
854 3128 1004 3221 prosecuti
1038 3136 1117 3190 suut
1132 3127 1172 3188 35

248 3220 305 3261 nus
320 3203 550 3266 ex11sdomum
564 3205 651 3279 abiit,
666 3205 747 3286 quod
767 3205 874 3267 fallacl
894 3204 994 3267 reditu
1009 3205 1041 3264 in
1056 3223 1118 3265 cas·

215 3287 266 3341 tra
282 3281 352 3361 jure
367 3285 502 3364 jurando
523 3305 555 3346 se
576 3285 761 3348 exsolvisset.
803 3285 896 3363 Quod
914 3284 967 3345 ubi
984 3282 1120 3343 innotuit

215 3360 407 3442 relatumque
421 3364 461 3425 ad
475 3374 614 3426 senatum
628 3373 681 3439 cst,
690 3385 793 3426 omnes
804 3369 987 3424 censuerunt
997 3379 1054 3419 con
1076 3377 1120 3416 re-

215 3440 413 3503 hendendum
428 3454 458 3504 ct
472 3443 648 3504 custodibus
664 3442 788 3522 publice
807 3442 887 3502 datis
907 3437 1044 3499 deducen
1067 3453 1119 3492 um

216 3521 257 3580 ad
272 3520 482 3584 Hannibalem
496 3543 566 3583 esse.
