2616 3790
454 181 586 294 ms'ss
612 247 724 313 xxn,
751 231 881 298 22-23.
1107 229 1172 298 lar

215 401 418 482 superbosque
442 402 475 462 in
499 401 589 464 rebus
612 404 752 465 secundis
775 412 916 484 expertos
940 403 1065 466 fortuna
1086 412 1119 466 et

215 485 307 544 timor
323 484 477 562 mitigasse
491 483 589 546 videri
610 493 747 562 poterat;
769 485 925 548 Romanus
945 484 1044 563 primo
1065 485 1117 546 ad-

214 572 318 637 ventu,
343 562 516 643 incognitus
543 571 623 636 ante,
647 563 688 625 ab
711 584 744 625 re
768 564 910 626 clementi
934 563 1117 646 liberalique

215 643 337 703 initium
352 642 482 716 fecerat3
496 651 527 704 et
540 643 676 717 Abelux,
686 644 736 706 vir
749 644 891 724 prudeus,
905 644 990 706 haud
1003 645 1117 708 frustra

214 722 379 784 ¹videbatur
397 723 493 784 socios
513 732 654 784 mutasse
695 723 805 804 Itaque
828 725 945 804 ingenti
969 745 1115 787 museusu
1149 725 1169 787 5

215 802 415 864 defectionem
449 823 552 865 omnes
585 811 739 883 spectare3
782 825 928 885 armaque
961 805 1116 886 extemplo

215 891 299 945 mota
313 882 420 956 forent,
434 883 467 944 ni
481 883 587 958 hiems,
602 903 680 962 quae
694 883 849 946 Romanos
865 904 985 980 quoque
998 895 1029 946 et
1042 885 1116 948 Car·

215 963 421 1042 thaginieuses
434 963 598 1024 concedere
610 964 645 1023 in
659 972 741 1025 tecta
753 966 861 1044 coegit,
875 966 1095 1028 intervenisset.

255 1043 388 1104 XXIII.
429 1042 518 1104 Haec
552 1044 585 1104 in
619 1040 774 1124 Hispania
802 1046 817 1122 [
838 1047 951 1125 noque]
981 1046 1116 1108 secunda

215 1133 329 1185 aestate
350 1124 461 1185 Punici
483 1123 556 1185 belli
575 1131 670 1204 gesta,
684 1144 754 1186 cum
768 1067 910 1187 initalia
923 1125 1051 1205 paulum
1070 1126 1115 1187 in·
1129 1123 1169 1187 10

215 1205 339 1266 terualli
367 1203 506 1266 cladibus
534 1205 682 1266 Romanis
708 1204 813 1268 sollers
838 1205 995 1268 cunctatio
1023 1206 1116 1268 Fabii

215 1284 350 1357 fecisset;
372 1304 453 1364 quae
478 1293 515 1346 ut
542 1284 752 1347 Hannibalem
778 1307 840 1348 non
863 1285 1009 1348 mediocri
1035 1286 1117 1347 solli·

216 1366 311 1426 citum
326 1386 401 1426 cura
412 1364 557 1440 babebat,
570 1366 696 1428 taudem
709 1385 780 1426 eum
793 1366 923 1428 militiae
935 1367 1117 1445 magistrum

216 1446 362 1526 delegisse
386 1447 541 1508 Romanos
564 1455 748 1521 cernentem,
769 1447 823 1526 qui
847 1446 962 1507 bellum
986 1445 1116 1521 ratione,

215 1546 277 1588 non
301 1527 425 1588 fortuna
448 1534 575 1607 gereret,
595 1527 641 1588 ita
660 1535 835 1606 contempta
854 1535 921 1588 erat
939 1526 1020 1588 iuter
1041 1526 1116 1589 civis
1131 1523 1170 1586 15

215 1616 349 1668 armatos
362 1608 478 1687 pariter
490 1615 678 1687 togatosque,
693 1606 799 1686 utique
812 1614 973 1686 postquam
992 1605 1118 1668 absente

215 1707 251 1748 eo
264 1689 437 1749 temeritate
450 1687 589 1768 magistri
606 1686 753 1767 equitum,
767 1687 848 1748 laeto
863 1686 964 1749 verius
983 1687 1117 1748 dixerIm

215 1787 309 1846 quam
328 1787 471 1847 prospere
490 1775 613 1842 eventu,
633 1776 803 1847 pugnatum
827 1765 936 1828 fluerat
977 1765 1118 1828 Accesse-

215 1857 287 1909 rant
300 1848 379 1909 duae
392 1868 439 1908 res
455 1847 682 1928 adaugendam
703 1846 853 1909 invidiam
873 1847 1039 1922 dictatoris,
1054 1866 1117 1909 uua

214 1927 325 1990 fraude
344 1948 381 1989 ac
401 1927 472 1990 dolo
493 1928 692 2002 Hannibalis,
706 1927 797 2007 quod,
812 1946 883 1988 cum
896 1947 916 1987 a
929 1925 1066 2006 perfugis
1086 1927 1115 1988 ei
1130 1926 1171 1988 20

214 2016 400 2069 monstratus
419 2027 493 2088 ager
512 2008 671 2070 dictatoris
690 2016 775 2082 esset,
789 2007 930 2069 omnibus
949 2008 1033 2068 circa
1051 2006 1117 2069 solo

214 2088 362 2168 aequatis,
376 2087 416 2150 ab
432 2108 494 2151 uno
507 2107 542 2150 eo
556 2090 671 2149 ferrum
692 2087 854 2168 ignemque
873 2096 905 2149 et
916 2087 982 2150 vim
995 2106 1117 2149 omnem

214 2167 349 2230 bostium
369 2167 516 2229 abstineri
531 2168 633 2248 jussit,
647 2176 683 2230 ut
695 2168 809 2230 occulti
830 2167 959 2248 alicujus
979 2167 1064 2246 pacti
1080 2187 1117 2228 ea

214 2268 329 2310 merces
348 2247 447 2311 videri
467 2257 576 2342 posset,
596 2249 695 2310 altera
714 2247 807 2328 ipsius
829 2247 919 2321 facto,
939 2247 1039 2328 primo
1058 2246 1117 2307 for·

213 2329 296 2388 sitan
310 2327 415 2402 dubio,
448 2349 503 2390 ura
525 2349 588 2392 non
613 2328 830 2408 expectatam
849 2346 885 2389 eo
904 2336 1027 2390 mustus
1046 2347 1117 2388 aue·
1130 2325 1170 2388 25

214 2408 323 2469 toritas
336 2417 391 2484 est,
404 2349 449 2470 erl
460 2417 632 2471 extremum
647 2408 731 2469 baud
745 2408 887 2487 ambigue
900 2407 934 2467 in
947 2408 1116 2468 maximam

214 2487 339 2550 laudem
363 2508 458 2552 verso.
499 2488 539 2550 In
562 2489 772 2570 permutandis
799 2488 938 2568 captivis,
963 2487 1045 2566 quod
1071 2487 1116 2549 sie

214 2569 314 2648 primo
339 2568 457 2631 Punico
479 2567 562 2631 bello
585 2569 703 2632 factum
726 2576 802 2642 erat,
826 2567 1010 2631 convenerat
1036 2567 1117 2629 inter

214 2649 307 2708 duces
321 2648 496 2710 Romanum
513 2649 719 2729 Poenumque,
733 2657 778 2722 ut,
792 2668 871 2728 quae
889 2668 962 2729 pars
982 2648 1053 2728 plus
1072 2669 1117 2709 re-

214 2729 331 2807 ciperet
344 2749 437 2808 quam
455 2729 551 2804 daret,
564 2730 684 2810 argenti
698 2729 799 2808 pondo
814 2729 887 2789 bina
900 2737 932 2790 et
943 2728 1069 2790 selibras
1083 2729 1116 2788 in
1131 2729 1171 2791 30

214 2808 347 2870 militem
374 2818 550 2887 praestaret.
593 2809 742 2871 Ducentis
768 2808 975 2889 quadraginta
1000 2817 1117 2888 septem

214 2888 402 2968 cumplures
417 2888 574 2950 Romanus
588 2909 681 2969 quam
696 2889 815 2950 Poenus
828 2889 997 2969 recepisset,
1011 2908 1118 2968 argen-

214 2978 342 3048 tumque
361 2988 417 3048 pro
437 2969 479 3030 cis
500 2969 647 3043 debitum,
667 2989 758 3050 saepe
773 2970 893 3050 jactata
906 2969 939 3028 in
952 2977 1060 3031 senatu
1074 2989 1117 3044 re,

215 3049 1116 3209 stultustultitlutuu‘fuut‘ltttusssuit
1131 3127 1170 3188 u

707 3176 715 3203 ἲ

215 3208 299 3348 lilio,l
308 3208 458 3283 vendidit,
479 3209 629 3289 fidemque
652 3209 808 3290 publicam
830 3207 973 3288 inpendio
994 3207 1117 3288 privato

214 3308 286 3350 exso
300 3289 355 3352 vit.

256 3368 418 3430 Hannibal
433 3389 488 3449 pro
499 3369 630 3430 Gereoni
644 3367 810 3440 moenibus,
819 3369 905 3446 cujus
915 3366 999 3424 urbis
1009 3372 1118 3440 captae

216 3457 309 3529 atque
329 3448 471 3510 incensae
491 3449 531 3511 ab
551 3469 583 3510 se
603 3447 637 3508 in
657 3467 746 3508 usum
766 3445 943 3506 horreorum
960 3460 1061 3519 pauca
1074 3460 1118 3498 re-
