2616 3790
429 233 561 281 urana
585 233 680 298 xxr,
707 215 836 280 27-28.
1066 212 1129 280 107

177 413 216 455 ex
240 391 340 453 altera
363 391 433 470 ripa
454 390 630 452 traicientes
656 409 725 451 suos
751 386 962 449 hortabantur.
1003 384 1077 448 Jam

177 472 251 534 satis
274 479 420 551 paventes
442 471 569 532 adverso
591 468 726 529 tumultu
747 467 912 529 terribilior
932 466 972 528 ab
992 475 1077 545 tergo

177 553 303 613 adortus
318 551 442 623 clamor,
458 549 562 610 castris
576 549 615 608 ab
631 549 784 609 Hannone
803 567 839 607 ca
861 547 908 607 tis.
950 547 1026 606 Mox
1046 554 1078 606 et

178 633 242 710 ipse
255 630 372 703 aderat,
386 649 556 708 ancepsque
569 637 667 688 terror
680 567 905 698 circumstabat,
920 635 951 686 et
964 646 981 686 1
994 626 1078 687 navi·

178 711 234 772 bus
254 719 343 772 tanta
357 709 390 771 vi
410 719 596 769 armatorum
620 708 653 766 in
678 716 790 767 terram
814 705 962 766 evadente
984 713 1015 766 et
1038 705 1078 766 ab
1112 708 1132 770 δ

178 799 264 870 tergo
291 788 450 868 inprovisa
479 795 634 867 premente
668 787 740 847 acie.
796 784 891 858 Galli,
918 794 1078 865 postquam

178 879 309 948 utroque
328 870 393 931 vim
416 869 517 928 lacere
540 866 642 928 conati
665 864 867 946 pellebantur,
891 885 953 945 qua
975 873 1079 944 patere

177 950 279 1012 visum
300 949 434 1008 maxime
454 948 520 1021 iter,
534 955 745 1027 perrumpunt,
759 945 931 1025 trepidique
951 945 983 1004 in
998 946 1079 1005 vicos

178 1030 292 1110 passim
308 1049 376 1089 suos
390 1027 563 1107 diffugiunt.
605 1025 776 1099 Hannibal,
791 1025 896 1086 ceteris
917 1023 1011 1104 copiis
1024 1045 1079 1105 per

176 1109 277 1250 ptium
288 1108 431 1188 trajectis,
440 1127 583 1188 spernens
589 1108 656 1188 jam
667 1106 803 1168 Gallicos
813 1104 972 1179 tumultus,
981 1113 1081 1166 castm
1096 1107 1134 1170 10

190 1198 269 1250 ocat.

220 1269 465 1349 Elephantorum
484 1267 722 1330 traiciendorum
734 1268 822 1331 varia
842 1268 969 1330 consilia
988 1267 1081 1330 fuisse

179 1349 289 1421 credo;
321 1357 401 1410 certe
427 1348 530 1410 variat
557 1349 703 1409 memoria
728 1357 816 1409 actae
842 1349 895 1409 rei.
945 1349 1080 1425 Quidam

179 1429 370 1508 congregatis
394 1427 433 1488 ad
458 1428 558 1508 ripam
585 1427 756 1508 elephantis
783 1428 911 1488 tradunt
934 1427 1079 1488 ferocissi-

179 1529 266 1569 mum
285 1529 325 1568 ex
342 1509 380 1569 iis
400 1508 559 1568 inritatum
581 1508 621 1568 ab
643 1517 757 1569 rectore
770 1528 833 1582 suo,
848 1528 918 1568 cum
932 1507 1081 1587 refugien·
1097 1509 1135 1571 15

179 1598 243 1651 tem
257 1590 291 1649 in
305 1609 416 1669 aquam
433 1590 586 1665 [nantem]
603 1598 786 1669 sequeretur,
803 1588 930 1649 traxisse
949 1608 1003 1668 gre
1023 1607 1080 1662 em,

178 1679 216 1731 ut
230 1690 380 1750 quemque
392 1671 549 1731 timentem
564 1669 759 1730 altitudinem
770 1669 947 1730 destitueret
956 1609 1080 1742 vadum,

179 1751 298 1831 impetu
325 1752 391 1831 ipso
418 1751 553 1812 fluminis
580 1751 613 1811 in
641 1749 769 1812 alteram
803 1751 902 1830 ripam
935 1750 1080 1830 rapiente.

179 1831 323 1893 Oeterum
337 1832 435 1912 magis
449 1840 567 1893 constat
580 1832 697 1893 ratibus
711 1832 868 1912 trajectos;
890 1831 922 1892 id
936 1839 971 1892 ut
984 1831 1080 1892 tutius

180 1913 343 1976 consilium
356 1921 428 1974 ante
441 1932 505 1972 rem
516 1913 602 1986 foret,
612 1912 656 1974 ita
670 1921 740 1974 acta
752 1933 786 1973 re
798 1912 839 1974 ad
852 1912 942 1973 fidem
956 1912 1081 1991 pronius
1095 1913 1135 1974 20

179 2001 234 2055 est.
276 1994 389 2055 Ratem
406 2013 510 2067 unam,
525 1993 669 2055 ducentos
681 1993 805 2074 longam
819 1993 918 2072 pedes,
933 1993 1080 2072 quinqua

178 2074 267 2153 ginta
288 2074 392 2148 latam,
413 2094 433 2134 a
453 2082 535 2135 terra
554 2074 587 2134 in
607 2094 728 2135 amnem
747 2082 957 2153 porrexerunt,
978 2093 1080 2152 quarn,

179 2173 219 2214 111
239 2155 374 2216 secunda
394 2173 476 2233 aqua
495 2153 672 2228 deferretur,
687 2153 826 2234 pluribus
839 2153 951 2216 validis
971 2153 1081 2214 retina·

179 2233 258 2296 culis
267 2244 355 2315 parte
364 2235 519 2313 superiore
529 2235 615 2314 ripae
624 2235 785 2314 religatam
795 2233 896 2314 pontis
910 2234 942 2294 in
956 2233 1081 2293 modum

178 2313 274 2376 humo
288 2315 402 2395 injecta
416 2322 654 2389 constraverunt,
666 2324 701 2376 ut
713 2313 823 2376 beluae
836 2314 981 2375 audacter
995 2313 1081 2376 velut
1095 2312 1135 2374 25

178 2414 235 2534 per
258 2395 356 2456 solum
381 2395 620 2474 ingrederentur.
661 2394 772 2456 Altera
791 2395 867 2455 ratis
888 2393 1080 2473 aeque-lata,

193 2495 273 2555 onga
296 2474 387 2555 pedes
410 2483 542 2548 centum,
567 2474 607 2535 ad
632 2475 833 2537 traiciendum
857 2473 971 2534 flumen
998 2483 1080 2552 apta,

180 2554 253 2616 huic
268 2554 411 2634 copulata
424 2563 486 2628 est3
507 2563 574 2615 tum
588 2555 744 2634 elephanti
757 2575 812 2634 per
825 2554 966 2615 stabilem
984 2562 1080 2614 ratem

179 2641 338 2714 tamquam
351 2635 444 2709 viam,
459 2634 738 2714 praegredientibus
758 2635 887 2708 feminis,
902 2633 963 2695 acti
977 2633 1029 2693 ubi
1048 2634 1080 2693 in

180 2715 329 2775 minorem
344 2715 531 2794 adplicatam
541 2716 720 2795 transgressi
739 2724 819 2789 sunt,
834 2715 989 2794 extemplo
1002 2735 1079 2774 reso·
1094 2713 1134 2777 30

179 2793 253 2855 lutis
268 2794 379 2873 quihus
393 2795 501 2857 leviter
515 2795 635 2855 adnexa
648 2804 714 2857 erat
727 2795 868 2869 vinculis,
883 2794 922 2856 ab
937 2794 1080 2855 actuariis

179 2873 299 2952 aliquot
319 2874 450 2936 navibus
470 2874 510 2935 ad
531 2874 659 2935 alteram
678 2874 777 2954 ripam
791 2875 987 2954 pertrahitur.
1030 2874 1081 2935 Ita

179 2954 287 3092 plrimis
300 2955 453 3048 expositis,
468 2954 523 3014 alii
536 2955 647 3015 deinde
660 2954 781 3048 repetiti
802 2975 839 3016 ac
859 2954 980 3049 trajecti
999 2962 1079 3014 sunt.

212 3033 270 3093 11111
283 3054 356 3094 sane
370 3034 573 3114 trepidabant,
588 3035 684 3096 donec
701 3043 869 3096 continent1
884 3033 969 3096 velut
988 3043 1081 3113 ponte

179 3122 360 3191 agerentur3
380 3115 497 3194 primus
510 3124 576 3176 erat
589 3135 695 3194 pavor,
710 3134 789 3187 cum,
804 3113 904 3176 soluta
918 3113 957 3174 ab
972 3113 1080 3174 ceteris
1094 3112 1133 3174 35

178 3203 254 3267 rate,
283 3194 315 3254 in
343 3193 440 3254 altum
468 3203 664 3273 raperentur;
692 3193 736 3254 ibi
764 3202 905 3273 urgentes
933 3195 1013 3252 inter
1040 3213 1080 3265 se,

179 3272 357 3334 cedentibus
377 3274 520 3334 extremis
540 3272 579 3334 ab
600 3293 690 3352 aqua,
711 3272 923 3350 trepidationis
943 3272 1081 3348 aliquan·

178 3359 246 3411 tum
265 3351 406 3425 edebant,
421 3352 516 3413 donec
537 3353 668 3430 quietem
690 3352 754 3442 ipse
774 3351 865 3409 timor
886 3350 1081 3423 circumspec-

178 3431 317 3492 tantibus
333 3451 446 3510 aquam
459 3431 587 3492 fecisset.
628 3428 783 3491 Exc1dcre
802 3427 896 3487 etiam
915 3425 1081 3485 saevientes
