2628 3796
445 231 577 287 arana
601 239 715 306 xxm,
742 221 873 288 45-47.
1099 225 1162 292 lss

204 397 319 459 aciem:
341 396 374 458 in
388 397 496 459 dextro
511 417 605 458 cornu
621 395 667 471 (id
682 405 748 459 erat
760 395 881 457 flumini
895 395 1033 476 propius)
1048 397 1109 460 Ro·

205 498 310 538 manos
331 477 447 558 equites
467 477 579 552 locant,
595 477 704 538 deinde
717 477 851 557 pedites3
872 476 995 538 laevum
1011 498 1107 540 cornu

204 557 336 619 extremi
356 557 470 650 equites
490 558 650 630 sociorum,
664 557 747 618 intra
766 557 892 637 pedites,
910 555 952 618 ad
972 558 1108 620 medium

206 637 309 718 juncti
336 637 508 716 legionibus
536 637 693 711 Romanis,
714 646 899 711 tenuerunt3
921 637 1108 719 jaculatores

205 738 276 778 cum
301 717 410 778 ceteris
433 717 549 779 levium
572 737 728 778 armorum
752 717 880 778 auxiliis
903 718 1005 797 prima
1027 719 1108 780 acies
1143 721 1163 782 5

205 797 297 859 facta
339 796 485 858 Consules
499 817 614 859 cornua
623 806 796 871 tenuerunt,
807 798 966 859 Terentius
976 797 1109 873 laevum,

205 877 363 1019 Aemdliud
387 877 541 952 dextrum,
562 876 692 938 Gemino
719 877 850 941 Servilio
877 878 979 940 media
1005 899 1110 959 pugna

205 967 278 1019 tuen
302 978 321 1019 a
364 965 425 1019 ata.

245 1038 369 1100 XLVI.
411 1035 573 1099 Hannibal
588 1036 658 1098 luce
671 1036 781 1118 prima,
795 1037 973 1099 Baliaribus
987 1036 1110 1120 levique

205 1117 269 1179 alia
297 1125 456 1180 armatura
482 1117 657 1198 praemissa,
683 1128 887 1198 transgressus
922 1119 1046 1194 flumen,
1075 1129 1110 1181 ut
1123 1120 1164 1183 10

206 1218 342 1278 quosque
352 1199 542 1272 traduxerat,
551 1198 595 1260 ita
609 1199 641 1258 in
656 1199 722 1260 acie
736 1198 867 1272 locabat,
877 1197 985 1260 Gallos
996 1199 1111 1280 Hispa·

205 1298 321 1358 nosque
342 1280 456 1358 equites
476 1299 571 1358 prope
590 1279 691 1358 ripam
703 1277 793 1342 laevo
806 1279 839 1340 in
853 1298 948 1340 cornu
964 1278 1110 1341 adversus

207 1359 384 1420 Romanum
398 1359 586 1439 equitatum3
604 1359 749 1420 dextrum
764 1378 858 1419 cornu
872 1358 1017 1420 Numidis
1030 1360 1111 1438 eqni·

206 1439 291 1500 tibus
315 1439 433 1512 datum,
454 1439 556 1500 media
582 1439 649 1500 acie
677 1438 831 1518 peditibus
859 1438 990 1512 firmata,
1011 1439 1055 1500 ita
1075 1448 1111 1500 ut

207 1518 358 1581 Afrorum
377 1529 507 1598 utraque
528 1539 642 1580 cornua
662 1527 770 1591 essent,
784 1519 1051 1598 interponerentur
1064 1518 1112 1580 bis
1127 1520 1166 1584 15

206 1599 302 1661 medii
313 1597 400 1660 Galli
413 1608 505 1678 atque
519 1598 663 1678 Hispani.
705 1599 799 1660 Afros
813 1598 985 1659 Romanam
1000 1619 1114 1678 magna

207 1700 247 1741 ex
290 1689 356 1740 arte
376 1680 512 1741 crederes
532 1680 648 1753 aciem;
669 1677 715 1740 ita
734 1678 848 1739 armati
863 1687 960 1752 erant,
974 1679 1067 1740 armis
1080 1688 1112 1740 et

208 1761 248 1821 ad
286 1759 403 1822 rebiam
413 1769 547 1822 ceterum
560 1779 675 1839 magna
687 1779 727 1820 ex
740 1767 829 1839 parte
842 1758 882 1820 ad
893 1759 1113 1820 Trasumenum

208 1841 317 1921 captis.
359 1839 460 1901 Gallis
487 1839 696 1920 Hispanisque
722 1848 811 1900 scuta
837 1838 972 1900 e'usdem
997 1839 1113 1901 formae

208 1921 272 1981 fere
286 1927 383 1994 erant,
398 1920 533 2000 dispares
552 1939 590 1980 ac
610 1919 771 1996 dissimiles
791 1860 900 2000 gladii,
914 1918 1014 1981 Gallis
1028 1940 1113 1999 prae·
1127 1923 1167 1985 20

207 2000 295 2080 longi
314 2020 352 2061 ac
373 1999 437 2062 sine
456 1999 663 2074 mucronibus,
684 1999 835 2080 Hispano,
856 1999 995 2080 punctim
1015 2001 1113 2080 magis

208 2101 304 2160 quam
329 2081 441 2140 caesim
465 2079 591 2141 adsueto
615 2089 718 2161 petere
740 2081 868 2154 hostem,
889 2079 1041 2143 brevitate
1060 2080 1114 2142 ha·

207 2161 286 2222 biles
306 2168 338 2222 et
358 2181 430 2221 cum
448 2159 655 2221 mucronibus.
695 2161 781 2222 Ante
802 2161 878 2222 alios
899 2159 1023 2222 habitus
1043 2180 1114 2240 gen·

208 2241 287 2303 tium
301 2238 413 2301 barum
427 2261 497 2301 cum
513 2240 726 2321 magnitudine
744 2261 905 2320 corporum
927 2249 993 2301 turn
1008 2241 1115 2318 'specie

208 2321 355 2383 terribilis
375 2329 461 2382 erat:
483 2319 570 2382 Galli
594 2341 686 2415 super
708 2320 889 2382 umbilicum
910 2327 998 2381 erant
1017 2319 1112 2394 nudi;
1128 2321 1168 2392 25

208 2401 346 2481 Hispani
366 2401 469 2463 linteis
489 2410 657 2481 praetextis
677 2421 816 2482 purpura
839 2399 961 2474 tunicis,
982 2399 1115 2461 candore

208 2483 289 2544 miro
316 2481 516 2564 fulgentibus,
544 2482 752 2544 constiterant.
794 2480 949 2541 Numerus
976 2479 1113 2540 omniurn

208 2562 360 2642 peditum,
395 2563 427 2623 ui
445 2571 510 2623 tum
531 2570 680 2624 steterunt
694 2561 727 2622 in
740 2561 816 2635 acie,
829 2560 951 2621 milium
970 2559 1030 2620 fuit
1043 2580 1116 2640 qua-

210 2583 636 2722 dragintadeoemequitum.
671 2642 774 2703 Duces
785 2640 928 2703 cornibus
939 2649 1115 2720 praeerant:

208 2722 334 2784 sinistro
348 2721 539 2796 Hasdrubal,
550 2723 659 2784 dextro
673 2721 856 2795 Maharbal;
871 2721 1002 2782 mediam
1018 2721 1114 2782 aciem
1129 2724 1170 2786 30

211 2801 374 2863 Hannibal
394 2802 458 2884 ipse
479 2822 549 2866 cum
569 2802 665 2864 fratre
682 2803 817 2882 Magone
834 2801 943 2863 tenuit.
985 2800 1048 2874 Sol,
1062 2821 1115 2864 seu

209 2883 251 2944 de
274 2882 427 2944 industria
451 2883 497 2944 ita
519 2882 637 2957 locatis,
658 2903 710 2944 seu
731 2881 814 2962 quod
834 2881 913 2943 forte
933 2881 978 2942 ita
998 2889 1115 2956 stetere,

210 2970 438 3044 peropportune
459 2963 583 3042 utrique
604 2962 686 3043 parti
709 2961 852 3043 obliquus
872 2968 947 3033 erat,
968 2959 1117 3022 Romanis

211 3045 246 3105 in
260 3043 427 3118 meridiem,
442 3043 552 3104 Poenis
567 3043 600 3103 in
612 3043 859 3121 septemtrionem
873 3041 986 3114 versis;
1006 3050 1117 3104 ventus

214 3123 420 3203 (Volturnum
445 3123 578 3203 regionis
601 3122 721 3183 incolas
740 3120 867 3194 vocant)
889 3120 1034 3182 adversus
1056 3119 1116 3181 Ro·
1131 3123 1170 3184 35

212 3204 313 3265 manis
333 3214 454 3267 coortus
474 3203 572 3264 multo
593 3203 721 3283 pulvera
745 3199 779 3262 in
802 3201 869 3282 ipsa
890 3221 944 3262 ora
963 3200 1117 3263 volvendo

213 3294 408 3364 prospectum
427 3284 552 3345 ademit.

253 3363 395 3427 XLVII.
438 3364 579 3425 Clamore
592 3361 723 3435 sublato,
738 3379 916 3440 procursum
930 3357 969 3417 ab
983 3355 1117 3428 auxiliis,

215 3451 246 3507 et
269 3465 373 3526 pugna
396 3444 515 3508 levibus
539 3443 674 3524 primum
694 3440 787 3501 armis
807 3437 985 3507 commissa3
1009 3431 1119 3492 deinde
