2616 3790
441 245 574 294 urens
599 245 694 312 xxr,
723 229 852 295 11-12.
1103 229 1146 296 93

186 421 304 483 perque
318 402 457 483 patentia
474 401 571 463 ruinis
591 402 717 482 agmina
736 409 924 465 armatorum
938 401 970 463 in
985 402 1092 464 urbem

189 483 354 545 radebant.
395 483 513 544 Locum
530 501 649 561 quoque
666 481 783 544 editum
802 483 936 562 capiunt,
952 483 1093 545 conlatis·

190 583 250 641 que
273 583 309 624 eo
333 563 497 642 catapultis
518 561 716 642 ballistisque,
737 570 773 623 ut
793 561 951 624 castellum
974 563 1007 624 in
1027 563 1093 643 ipsa

189 642 267 703 urbe
287 643 376 704 velut
401 663 502 704 arcem
529 643 728 704 inminentem
750 642 907 715 baberent,
928 661 1015 704 muro
1036 644 1092 704 cir·

189 724 347 784 comdant
389 723 433 784 Et
452 723 615 803 Saguntini
635 743 757 784 murum
778 722 953 784 interiorem
966 722 1007 784 ab
1021 743 1092 785 non·
1125 723 1145 784 5

189 802 266 863 dum
287 812 379 883 capta
398 812 485 883 parte
508 803 592 864 urbis
616 803 742 864 ducunt.
784 801 952 882 Utrimque
974 821 1093 864 summa

190 883 223 946 vi
251 892 284 944 et
310 883 454 944 muniunt
480 892 511 945 et
536 892 694 963 pugnant;
715 883 777 957 sed,
798 883 944 944 interiora
970 882 1092 956 tuendo,

190 963 340 1024 minorem
364 963 484 1025 indies
508 963 615 1024 urbem
639 962 807 1044 Saguntini·
826 962 952 1024 faciunt.
993 962 1093 1024 Simul

190 1044 300 1104 crescit
320 1042 425 1124 inopia
445 1044 581 1105 omnium
601 1042 694 1123 longa
714 1043 879 1118 obsidione,
892 1052 924 1105 et
943 1042 1093 1104 minuitur

190 1124 364 1202 expectatio
384 1133 529 1185 externae
549 1123 625 1217 opis,
646 1145 715 1185 cum
736 1133 801 1186 tam
821 1122 929 1204 procul
950 1123 1092 1197 Romani,
1107 1123 1146 1186 10

190 1203 285 1265 unica
304 1225 380 1284 spes,
401 1205 482 1266 circa
501 1224 604 1264 omma
628 1205 762 1266 hostium
785 1212 891 1266 essent.
931 1202 1093 1283 Paulisper

190 1293 295 1344 tamen
315 1284 448 1347 adfectos
468 1285 586 1346 animos
606 1285 756 1347 recreavit
773 1285 933 1365 repentina
945 1283 1092 1363 profectio

191 1364 380 1426 Hannibalis
400 1365 433 1424 in
454 1364 603 1426 Oretanos
623 1364 878 1459 Carpetanosque,
891 1364 945 1444 qui
962 1363 1023 1425 duo
1042 1384 1093 1443 po·

191 1444 267 1524 puli,
295 1445 424 1507 dilectus
451 1443 617 1507 acerbitate
644 1455 838 1519 consternati,
865 1444 991 1506 retentis
1024 1463 1093 1504 con·

191 1525 396 1604 quisitoribus‚
425 1534 539 1587 metum
574 1527 751 1588 delectionis
778 1545 848 1586 cum
874 1523 1092 1605 praebuissent,
1108 1523 1147 1586 15

190 1606 326 1685 oppressi
346 1606 501 1669 celeritate
522 1606 710 1669 Hannibalis
724 1606 888 1669 omiserunt
902 1613 985 1666 mota
998 1623 1092 1666 arma.

231 1687 311 1750 XII.
353 1688 419 1750 Nec
439 1689 569 1769 Sagunti
591 1687 778 1768 oppugnatio
798 1685 918 1766 segnior
938 1691 1012 1757 erat,
1027 1683 1093 1745 Ma·

191 1768 319 1831 harbale
333 1769 520 1831 Himilconis
534 1769 598 1831 filio
615 1771 699 1842 (eum
713 1766 900 1848 praefecerat
915 1763 1091 1840 Hannibal)

190 1849 235 1910 ita
257 1850 376 1930 inpigre
397 1870 461 1912 rem
484 1859 602 1930 agente,
616 1859 653 1911 ut
674 1849 782 1910 ducem
806 1846 909 1908 abesse
931 1863 987 1905 nec
1012 1843 1092 1906 cives

190 1949 247 1991 nec
261 1930 360 1992 hostes
377 1931 532 1992 sentirent
574 1931 606 1992 Is
631 1936 662 1991 et
685 1927 802 2010 proelia
822 1925 940 2005 aliquot
959 1924 1092 1985 secunda
1106 1925 1146 1988 20

189 2009 273 2085 fecit,
288 2019 320 2072 et
338 2011 437 2073 tribus
458 2011 603 2073 arietibus
626 2010 819 2090 aliquantum
841 2005 923 2066 muri
943 2004 1091 2096 discussit,

188 2099 346 2171 strataque
359 2092 463 2153 omnia
477 2091 648 2154 recentibus
667 2089 764 2152 ruinis
784 2085 958 2149 advenienti
973 2083 1092 2144 Hanni-

189 2169 255 2231 bali
284 2171 424 2234 ostendit
479 2169 589 2253 Itaque
616 2171 657 2232 ad
684 2171 783 2251 ipsam
809 2186 911 2229 arcem
937 2162 1091 2243 extemplo

188 2251 301 2312 ductus
318 2252 479 2326 exercitus,
493 2261 642 2332 atroxque
662 2249 812 2331 proelium
834 2266 903 2309 cum
924 2243 1091 2304 multorum

187 2331 345 2411 utrimque
359 2332 451 2393 caede
465 2333 586 2406 initum,
600 2341 631 2394 et
644 2351 715 2411 pars
729 2330 807 2391 arcis
820 2335 912 2407 capta
919 2334 977 2418 &tt
1105 2323 1145 2386 25

229 2409 393 2491 Temptata
412 2412 523 2473 deinde
543 2432 598 2492 per
618 2413 693 2474 duos
714 2419 759 2473 est
779 2409 892 2488 exigua
910 2423 1028 2485 pacrss
1081 2449 1090 2477 ,

186 2489 339 2552 Alconem
353 2490 556 2570 Saguntinum
570 2502 601 2554 et
610 2491 760 2554 Alorcum
774 2489 959 2568 Hispanum.
999 2482 1031 2544 A
1045 2503 1090 2558 co,

188 2570 293 2632 insciis
313 2570 354 2632 Sa
376 2572 500 2644 untinis,
514 2572 655 2652 precibus
678 2571 798 2651 aliquid
821 2575 976 2630 moturum
997 2571 1091 2658 ratus,

187 2670 259 2712 cum
273 2650 314 2711 ad
404 2651 539 2714 nibalem
553 2661 647 2713 noctu
659 2651 824 2724 transisset,
838 2655 998 2728 postquam
1011 2643 1092 2704 mhtl

186 2727 335 2792 lacrimae
348 2731 514 2794 movebant
526 2731 778 2811 condicionesque
795 2729 896 2791 tristes
910 2734 945 2788 ut
958 2724 998 2786 ab
1012 2724 1090 2785 irato
1104 2723 1143 2787 30

186 2811 305 2873 victore
323 2811 510 2885 ferebantur,
524 2812 684 2892 transfuga
696 2831 736 2872 ex
750 2819 869 2872 oratore
889 2807 987 2868 factus
1006 2802 1090 2884 apud

186 2890 306 2952 hostem
326 2892 447 2966 mansit,
468 2892 651 2954 moriturum
674 2891 839 2953 adfirmans
884 2887 918 2948 ui
941 2884 997 2947 sub
1022 2905 1091 2946 con-

186 2970 361 3032 dicionibus
381 2972 418 3033 iis
439 2972 478 3034 de
519 2991 572 3033 ace
592 2981 703 3052 ageret.
746 2909 964 3032 Postulriliatur
978 2973 1089 3038 autem,

187 3049 351 3112 redderent
363 3070 411 3112 res
424 2994 616 3126 Turdetanis,
627 3051 801 3130 traditoque
814 3049 897 3112 omni
910 3066 985 3110 auro
999 3054 1090 3124 atque

187 3149 224 3188 ar
245 3138 326 3203 ento,
350 3133 460 3210 egressi
483 3133 558 3194 urbe
585 3153 655 3193 cum
682 3131 811 3210 singulis
834 3126 1023 3192 vestimentis
1046 3124 1090 3185 ibi
1104 3123 1142 3186 35

188 3151 367 3271 habitarent
393 3211 448 3272 ubi
476 3212 595 3273 Poenus
617 3212 762 3292 jussisset.
803 3210 871 3271 Has
898 3209 982 3288 pacis
1009 3206 1091 3284 leges

188 3288 344 3349 abnuente
370 3288 490 3351 Alcone
523 3301 699 3370 accepturos
726 3289 921 3368 Saguntinos,
948 3286 1089 3374 Alorcus,

189 3368 277 3429 vinci
296 3369 413 3430 animos
433 3371 487 3431 ubi
506 3370 570 3430 alia
583 3371 747 3433 vincantur
767 3367 941 3436 adfirmans,
956 3383 987 3423 se
1007 3379 1091 3439 paors

190 3447 255 3526 ejus
283 3447 480 3528 interpretem
507 3449 572 3512 fore
597 3448 778 3529 pollicetur;
802 3452 868 3504 erat
894 3449 997 3502 autern
1024 3445 1091 3497 tum
