2572 3790
155 207 200 275 38
323 224 413 273 r1r1
440 223 760 274 n1v1navnnn
790 223 985 272 cosmus

209 401 279 442 eum
301 380 405 442 lucum
427 380 569 454 sacravit,
592 380 674 460 quod
695 399 801 441 earum
823 378 868 440 ibi
889 379 1021 442 concilia
1041 401 1111 442 cum

210 463 337 540 conjuge
356 481 412 522 sua
432 459 545 540 Egeria
564 470 671 521 essent.
712 459 756 520 Et
776 459 834 520 soli
854 459 944 520 Fidei
965 461 1112 523 sollemne

210 543 352 602 instituit.
400 540 453 601 Ad
480 539 513 600 id
539 541 707 601 sacrarium
733 539 871 600 flamines
905 539 983 620 bigis
1018 562 1111 602 curru

210 631 335 683 arcuato
350 620 421 683 vehi
430 621 531 700 jussit,
546 640 699 700 manuque
719 620 760 680 ad
780 620 892 699 digitos
912 640 1007 700 usque
1025 621 1110 684 iuvo-

176 703 276 763 bluta
296 721 360 761 rem
381 700 519 762 divinam
540 700 648 774 facere,
665 699 880 780 significantes,
897 700 989 760 fidem
1008 710 1110 762 tutan·

209 783 290 855 dam,
304 781 465 860 sedemque
485 781 549 859 ejus
569 781 663 842 etiam
682 782 717 841 in
736 780 855 842 dextris
871 791 1024 842 sacratam
1037 801 1109 844 esse.

208 862 312 923 Multa
333 860 398 921 alia
419 861 568 922 sacrificia
589 860 718 941 locaque
740 861 833 922 sacris
854 860 1009 934 faciendis,
1031 882 1109 940 quaa

208 943 326 1023 Argeos
340 941 498 1021 pontifices
506 949 627 1014 vocant,
637 940 801 1004 dedicavit
843 939 992 1002 Omnium
1005 949 1108 1001 tamen

208 1023 378 1083 maximum
399 1021 463 1082 e'us
487 1041 614 1100 operum
637 1021 698 1081 fuit
718 1021 817 1082 tutela
837 1040 891 1100 per
911 1040 1001 1081 omne
1021 1021 1109 1102 regni

156 1104 194 1165 10
207 1112 327 1182 tempus
341 1041 426 1162 haud
440 1101 541 1164 minor
553 1101 638 1181 pacis
652 1121 744 1180 quam
758 1101 854 1180 regni.

247 1183 299 1243 Ita
311 1182 373 1242 duc
386 1181 527 1260 deinceps
541 1202 635 1260 reges,
649 1181 728 1242 alius
741 1180 805 1241 alia
818 1181 879 1255 via,
893 1179 946 1241 illc
960 1179 1041 1242 bello
1056 1181 1108 1243 hic

206 1284 291 1344 pace,
312 1262 469 1324 civitatem
489 1271 659 1333 auxerunt3
681 1259 834 1322 Romulus
860 1269 975 1341 septem
1000 1269 1031 1322 ct
1053 1262 1107 1323 tri·

206 1345 293 1423 ginta
319 1342 460 1422 regnavit
486 1361 591 1414 annos,
616 1340 721 1401 Numa
748 1349 809 1402 tres
837 1349 867 1402 et
892 1341 1106 1421 quadraginta.

205 1423 284 1486 (ium
298 1422 404 1485 valida
424 1431 490 1483 tum
510 1431 680 1502 temperata
696 1429 727 1482 et
743 1420 818 1482 belli
836 1428 866 1482 et
883 1421 968 1502 pacis
988 1421 1108 1483 artibus

153 1505 191 1564 15
205 1513 272 1565 erat
291 1504 407 1565 civitas.
721 1581 730 1596 0
1061 1581 1080 1596 ..

149 1629 160 1698 l
205 1582 639 1737 IndXeX'lldlluiiiilliditiliiiiri,e
652 1580 834 1742 ridpdiletddre
850 1581 1106 1741 daliliririrjiiihii

204 1744 310 1804 infima
336 1765 405 1804 arce
432 1743 517 1804 clara
536 1763 641 1823 pugna
669 1743 814 1805 adversus
844 1741 973 1803 Sabinos
994 1743 1105 1816 tuerat,

203 1844 304 1902 regem
316 1823 446 1904 populus
454 1822 547 1903 jussit
555 1844 563 1896 ;
578 1831 678 1903 patres
692 1833 830 1884 auctores
844 1822 929 1883 facti.
970 1820 1033 1883 Hic
1043 1841 1106 1882 non

149 1904 190 1965 20
203 1904 301 1964 solum
352 1903 470 1964 roximo
498 1903 562 1982 regi
589 1902 756 1976 dissimilis,
776 1902 830 1963 scd
856 1901 987 1964 ferocior
1011 1902 1105 1963 etiam

203 2004 296 2062 quam
342 1984 461 2044 emulus
475 1983 544 2044 fuit.
585 1982 665 2044 Cum
685 1991 770 2044 aetas
784 1982 925 2060 viresque
937 1989 1005 2042 tum
1019 1983 1105 2043 avita

202 2084 322 2144 quoque
335 2064 433 2144 gloria
446 2064 584 2124 animum
598 2061 786 2124 stimulabat
828 2060 989 2122 Senescere
1009 2061 1020 2121 i
1042 2061 1105 2122 itur

202 2145 359 2284 οἰνίῐαῐὶω
370 2145 432 2205 otio
441 2153 525 2205 ratus
540 2143 676 2224 undique
686 2142 847 2203 materiam
858 2083 1104 2204 cxcitandilrclli

222 2245 311 2284 caere
333 2232 373 2286 at

148 2306 187 2367 25
201 2243 222 2304 q
242 2305 334 2366 Forte
348 2305 458 2379 evenit,
472 2311 508 2366 ut
521 2311 652 2384 agrestes
666 2301 801 2364 Romani
818 2322 859 2363 ex
872 2300 998 2364 Albano
1018 2324 1038 2363 a
1075 2322 1103 2377 0,

200 2385 320 2446 Albani
340 2407 380 2448 ex
401 2386 541 2446 Romano
584 2385 691 2445 raedas
712 2384 844 2445 invicem
865 2390 999 2462 agerent
1060 2403 1103 2442 m·

200 2465 428 2545 peritabattum
439 2464 535 2526 Gaius
576 2464 680 2524 luilius
691 2462 801 2525 Albae
830 2461 995 2542 Utrimque
1007 2462 1103 2542 legati

200 2547 262 2606 fere
272 2545 328 2606 sub
340 2546 421 2606 idem
431 2555 551 2625 tempus
561 2544 601 2605 ad
612 2564 658 2605 res
672 2542 850 2624 repetendas
861 2542 952 2602 missi.
994 2541 1102 2604 Tullus

200 2636 396 2705 praeceperat
409 2625 480 2698 suis,
494 2645 533 2684 ne
553 2624 629 2705 quid
648 2623 844 2704 priusquam
865 2622 1011 2682 mandata
1032 2643 1101 2702 age·

146 2706 186 2768 30
200 2715 286 2779 reut;
313 2706 387 2766 satis
414 2704 538 2778 sciebat,
566 2724 605 2764 ne
645 2713 749 2764 turum
776 2701 954 2763 Albanum:
979 2702 1024 2762 ita
1049 2703 1101 2782 pie

200 2785 315 2846 bellum
329 2785 426 2846 indici
439 2805 532 2864 posse.
574 2783 605 2844 A
636 2783 769 2844 Albanis
783 2782 938 2842 socordius
951 2802 998 2842 res
1012 2791 1101 2856 acta;

199 2867 320 2945 excepti
342 2865 473 2945 hospitio
496 2864 536 2924 ab
558 2862 650 2924 Tullo
672 2862 786 2923 blande
806 2881 843 2922 ac
862 2860 1002 2940 benigne,
1020 2861 1101 2922 comi

198 2945 298 3006 fronte
308 2945 387 3025 regis
401 2943 579 3007 convivium
589 2941 752 3004 celebrant
794 2940 955 3021 Tantisper
966 2941 1100 3003 Romani

198 3033 229 3093 at
243 3046 290 3088 res
303 3025 509 3106 repetiverant
523 3024 638 3103 priores
652 3032 682 3084 ct
697 3022 823 3102 neganti
837 3021 963 3082 Albano
981 3021 1100 3083 bellum

147 3105 184 3168 35
198 3106 231 3164 in
258 3105 445 3168 tricesimum
472 3103 553 3163 diem
580 3103 765 3164 indixerant.
807 3101 896 3162 Haec
919 3102 1099 3164 renuntiant

197 3185 298 3246 Tullo.

237 3263 316 3324 Tum
336 3262 446 3342 legatis
468 3259 577 3322 Tullus
598 3259 721 3321 dicendi
741 3269 933 3340 potestatem,
950 3261 1026 3340 quid
1046 3281 1097 3342 pe-

196 3351 294 3404 tentes
314 3343 463 3414 venerint,
480 3340 561 3401 fecit.
603 3339 657 3400 llli
679 3341 815 3400 omnium
840 3342 940 3420 ignari
961 3341 1097 3420 primum

196 3423 356 3502 purgando
370 3429 473 3483 terunt
487 3429 621 3500 tempus:
643 3439 674 3480 se
691 3419 803 3481 invitos
824 3421 999 3500 quicquam,
1013 3421 1096 3504 quod
