2616 3790
145 237 187 304 98
313 254 404 300 n1n1
430 253 527 302 n1v1
553 252 609 301 Aa
633 253 749 302 vana
778 250 969 299 nouom

197 409 310 489 legatio
329 407 432 470 verbis
454 407 556 469 adbuc
580 407 678 469 lenior
697 415 752 481 est,
772 428 806 468 ro
825 407 968 487 asperior.
1009 405 1098 467 Tunc

198 491 279 551 enim
306 488 468 549 Hannibal
492 497 523 550 et
545 487 781 548 insimulabatur
808 495 838 548 et
861 485 1097 566 deposcebatur;

198 589 281 630 nuno
301 568 341 629 ab
361 568 449 628 nobis
469 577 500 628 et
520 567 665 628 confessio
680 566 788 645 culpae
801 567 995 646 exprimitur,
1009 576 1049 638 et,
1063 573 1099 625 ut

199 669 219 709 a
243 648 393 720 confessis,
418 668 465 708 res
492 646 646 724 extemplo
670 655 858 725 repetuntur.
899 646 967 725 Ego
995 654 1099 706 autem

166 733 270 800 bnon,
296 727 433 806 ‘privato
457 725 621 805 publicone
645 725 772 786 consilio
793 725 963 804 Saguntum
985 744 1101 804 oppug-

199 816 307 868 natum
330 806 389 879 sit,’
411 806 618 886 quaerendum
641 825 788 878 censeam,
808 805 862 865 sed
887 810 1008 865 ‘utrum
1028 804 1101 884 jure

199 907 240 948 au
264 884 412 966 injuria3’
438 894 542 946 nostra
565 885 647 946 enim
671 885 748 946 baso
768 883 904 964 quaestio
924 892 1016 962 atque
1034 883 1101 944 ani-

201 965 371 1028 madversio
398 965 431 1025 in
459 965 557 1026 civem
584 974 721 1025 nostrum
746 976 800 1038 est,
820 963 895 1044 quid
919 973 1021 1024 nostro
1044 970 1102 1024 aut

200 1066 255 1106 suo
279 1044 385 1106 fecerit
408 1043 552 1117 arbitrio;
574 1044 732 1107 vobiscum
755 1064 819 1105 una
842 1043 1022 1123 disceptatio
1045 1051 1101 1116 est,

148 1130 188 1193 10
202 1125 361 1186 licueritne
375 1145 430 1203 per
442 1124 549 1184 foedus
563 1124 637 1185 fieri
679 1124 789 1204 Itaque
807 1125 951 1205 quoniam
969 1122 1102 1184 discerni

200 1204 311 1284 placet,
322 1204 397 1283 quid
409 1203 534 1284 publico
549 1204 684 1278 oonsilio,
695 1204 770 1284 quid
784 1225 839 1265 sua
852 1214 959 1283 sponte
972 1205 1102 1283 impera·

202 1293 281 1345 tores
300 1284 425 1357 faciant,
438 1284 526 1345 nobis
539 1284 697 1347 vobiscum
716 1284 822 1345 foedus
835 1293 880 1345 est
892 1304 913 1345 a
925 1283 959 1344 0.
973 1283 1101 1344 Lutatio

200 1365 324 1426 consule
350 1364 456 1437 ictum,
476 1364 508 1423 in
532 1383 593 1444 quo
620 1384 690 1424 oum
709 1367 877 1426 vcaveretur
905 1372 1103 1442 utrorumque

200 1445 298 1516 sociis,
312 1443 390 1503 nihil
404 1443 442 1504 de
455 1443 632 1522 Saguntinis
650 1443 796 1518 (necdum
817 1443 898 1504 enim
918 1451 1007 1504 erant
1026 1441 1100 1502 socii

149 1527 189 1589 15
202 1524 311 1602 vestri)
333 1531 457 1583 cautum
477 1533 530 1583 est
573 1522 636 1584 ‘At
649 1525 730 1583 enim
744 1544 779 1584 eo
793 1523 922 1596 foedere,
937 1522 1103 1602 quodcum

201 1602 400 1664 Hasdrubale
419 1602 515 1662 ictum
536 1611 590 1676 ost,
604 1603 768 1682 Saguntini
781 1601 995 1681 excipiuntur?
1036 1600 1103 1662 Ad·

201 1702 307 1745 versus
320 1682 402 1762 quod
416 1702 472 1762 ego
485 1682 563 1742 nihil
578 1683 716 1744 dicturus
729 1703 805 1755 sum,
819 1683 878 1743 nisi
892 1682 973 1760 quod
986 1680 1104 1743 avobis

202 1762 316 1823 didici:
342 1782 396 1825 ros
422 1763 503 1822 enim
531 1762 613 1842 quod
637 1761 672 1823 (l.
699 1763 844 1824 Lutatius
869 1762 976 1822 consul
1003 1760 1103 1840 primo

202 1841 360 1903 nobiscum
375 1842 480 1904 foedus
492 1841 557 1915 icit,
572 1842 646 1921 quia
665 1861 764 1922 neque
783 1842 966 1904 auctoritato
980 1850 1103 1921 patrum

150 1926 191 1990 20
203 1941 260 1982 nec
280 1921 387 2002 populi
403 1922 489 2001 jussu
509 1921 606 1982 ictum
627 1931 702 1996 erat,
717 1923 849 2002 negastis
868 1941 922 1983 vos
941 1942 977 1982 eo
996 1920 1103 1993 teneri,

204 2003 309 2081 itaque
321 2001 408 2061 aliud
422 2001 461 2062 de
474 2001 593 2081 integro
606 2001 713 2062 foedus
726 2001 850 2082 publico
863 2000 989 2062 consilio
1007 2001 1104 2061 ictum

204 2090 258 2142 est.
297 2079 332 2142 Si
351 2101 407 2144 vos
427 2101 490 2141 non
509 2089 614 2142 tenent
634 2081 757 2143 foedera
775 2091 877 2144 vestra
896 2080 956 2140 mai
976 2099 1016 2140 ex
1036 2099 1106 2140 auc·

204 2159 329 2222 toritate
342 2169 397 2222 aut
405 2161 493 2241 jussu
506 2169 607 2222 vestro
621 2161 692 2233 icta,
707 2181 746 2222 ne
759 2181 814 2222 nos
829 2161 952 2240 quidem
965 2158 1107 2220 Hasdru-

204 2240 285 2302 balis
304 2240 419 2314 foedus,
434 2240 516 2320 quod
536 2239 623 2301 nobis
643 2240 745 2301 insciis
765 2241 828 2313 icit,
843 2241 980 2320 obligare
995 2239 1106 2319 potuit.

152 2325 192 2387 25
206 2319 340 2381 Proinde
364 2321 497 2382 omittite
519 2318 650 2399 Sagunti
673 2329 767 2400 atque
787 2320 899 2381 Hiberi
922 2320 1106 2380 mentionem

205 2401 360 2506 facers‚,‚et
373 2400 455 2482 quod
468 2400 522 2461 diu
535 2401 670 2481 parturit
688 2401 809 2462 animus
821 2410 921 2463 vester
939 2397 1106 2479 aliquando

247 2479 315 2541 riat.

205 2500 327 2620 paTum
347 2559 514 2634 Romanus,
527 2560 596 2622 sinu
616 2580 656 2622 ex
676 2568 748 2640 toga
768 2560 859 2634 facto,
879 2557 986 2620 “hic’'
1005 2556 1109 2638 inquit

208 2639 323 2702 “vobis
347 2639 464 2700 bellum
488 2649 518 2701 et
541 2661 650 2720 pacem
672 2649 847 2720 portamus;
867 2650 972 2700 utrum
996 2639 1109 2719 placet,

155 2718 344 2785 tosumitel’
395 2719 460 2781 Sub
487 2720 568 2780 hano
594 2741 700 2782 vocem
727 2720 805 2780 baut
831 2720 932 2780 minus
958 2719 1108 2792 ferociter,

208 2799 315 2859 ‘daret
335 2806 440 2859 utrum
453 2800 566 2874 vellet,’
588 2799 812 2860 subclamatum
833 2808 886 2860 est
928 2799 972 2860 Et
992 2798 1110 2860 cumis

208 2879 329 2952 iterum,
343 2879 412 2938 sinu
426 2880 528 2951 effuso,
544 2879 660 2940 bellum
679 2879 753 2939 dare
773 2878 908 2952 dixisset,
923 2880 1062 2959 accipere
1077 2897 1110 2938 se

209 2978 312 3019 omnes
338 2959 568 3038 responderunt,
588 2967 627 3033 et,
652 2958 762 3038 quibus
789 2959 963 3040 acciperent
990 2957 1110 3032 animis,

209 3038 305 3100 isdem
325 3059 357 3098 se
376 3047 520 3117 gesturos.

157 3121 197 3183 85
251 3117 347 3177 XIX.
388 3117 476 3177 Haec
497 3118 618 3177 derecta
639 3118 849 3196 percunctatio
866 3138 903 3179 ac
917 3116 1110 3178 denuntiatio

210 3197 284 3256 belli
298 3195 395 3273 magis
408 3216 448 3254 ex
461 3195 611 3273 dignitate
624 3197 731 3275 populi
742 3197 875 3257 Romani
886 3197 953 3259 visa
962 3206 1007 3258 est
1017 3216 1111 3275 quam

211 3276 249 3335 de
270 3274 424 3333 foederum
441 3274 511 3352 jure
530 3274 632 3335 verbis
653 3276 831 3354 disceptare,
852 3296 922 3336 cum
941 3287 1022 3348 ante,
1043 3286 1112 3336 tum

211 3353 346 3412 maxime
365 3351 500 3430 Sagunto
521 3353 632 3412 excisa.
673 3353 755 3414 Nam
776 3355 801 3414 si
815 3356 978 3416 verborum
997 3357 1113 3433 discep-

212 3431 337 3492 tationis
351 3449 398 3490 ros
413 3438 497 3502 esset,
512 3431 587 3508 quid
606 3431 712 3492 foedus
732 3433 938 3494 Hasdrubalis
958 3455 1029 3495 cum
1049 3434 1113 3495 Lu·
