2572 3790
128 229 171 296 68
299 244 389 292 rrrr
415 242 512 295 nrvr
538 242 593 292 sn
619 243 736 295 rann
765 242 956 292 conorrs

181 401 268 483 jussa
287 421 327 462 ex
347 409 433 462 tanto
457 399 604 474 tumultu,
623 419 695 461 cum
721 419 753 462 se
779 399 905 461 domum
931 399 1082 481 reciperet

219 481 424 560 rvenissetque
454 480 494 541 ad
528 499 681 541 summum
709 479 857 560 Cyprium
886 480 999 554 vicum,
1027 480 1083 541 ubi

215 562 330 621 'auium
351 580 448 638 nuper
472 559 541 632 fuit,
562 558 696 621 flectenti
716 568 896 700 carpentum
916 560 1028 622 dextra
1048 561 1083 620 in

181 640 314 704 Urbium
326 640 450 713 olivum,
460 647 495 700 ut
507 640 540 700 in
555 639 662 700 collem
674 638 768 719 Esqu'
784 640 884 700 iarum
894 641 1083 714 eveheretur,

148 721 167 783 5
182 721 293 782 restitit
306 719 436 800 pavidus
450 730 543 800 atque
556 718 691 779 inhibuit
704 719 804 780 frenos
825 719 852 780 is
871 719 925 800 qui
940 721 1083 800 jumenta

181 801 300 880 agebat,
320 801 533 880 jacentemque
557 799 698 860 dominae
725 799 867 862 Servium
894 800 1082 862 trucidatum

181 881 321 943 ostendit
376 879 515 941 Foedum
545 879 809 959 inhumanumque
842 879 916 940 inde
948 880 1083 941 traditur

180 960 285 1036 scelus,
306 969 561 1040 monumentoque
580 958 665 1020 locus
685 968 748 1021 est:
769 957 957 1020 Sceleratum
977 961 1083 1022 vicum

181 1050 302 1115 vocant,
317 1061 387 1120 quo,
402 1060 515 1114 amens,
530 1039 718 1119 agitantibus
732 1038 820 1099 furiis
834 1040 944 1100 sororis
961 1060 998 1101 ac
1012 1040 1083 1114 viri,

130 1123 168 1185 10
182 1120 286 1182 Tullia
300 1141 354 1201 per
367 1121 464 1201 patris
479 1139 588 1200 eorpus
602 1129 780 1200 carpentum
791 1119 885 1199 egisse
895 1120 1001 1194 fertur,
1013 1139 1083 1200 par·

182 1212 303 1282 temque
324 1201 479 1281 sanguinis
501 1221 538 1261 ac
560 1199 661 1260 caedis
683 1209 829 1278 paternae
850 1209 976 1261 cruento
997 1199 1083 1263 vehi·

181 1282 261 1355 culo,
271 1282 478 1342 contaminata
492 1281 558 1360 ipsa
572 1300 774 1360 respersaque,
784 1279 943 1374 tulissead
957 1289 1083 1374 penates
1172 1341 1174 1344 .

181 1383 250 1424 suos
268 1362 385 1441 virique
404 1362 461 1434 sui,
482 1361 593 1441 quibus
613 1360 700 1421 iratis
720 1359 803 1421 malo
823 1379 910 1442 regni
930 1360 1083 1444 principio

181 1443 295 1504 similes
310 1463 364 1522 pro
416 1442 497 1502 diem
511 1442 611 1502 exitus
624 1452 828 1521 sequerentur.

130 1527 168 1588 15
222 1523 345 1585 Servius
383 1522 474 1583 ullius
486 1522 629 1600 regnavit
640 1542 735 1584 annos
749 1533 895 1602 quattuor
908 1533 939 1586 et
953 1523 1084 1605 quadra-

181 1604 269 1685 ginta
282 1604 336 1677 ita,
351 1612 385 1664 nt
401 1602 479 1665 hono
494 1603 585 1662 etiam
600 1601 817 1683 moderatoque
829 1604 1004 1678 succedenti
1017 1603 1084 1687 regi

181 1685 313 1746 difficilis
343 1684 509 1746 aemulatio
535 1692 629 1758 esset;
671 1694 805 1746 ceterum
834 1685 866 1746 id
895 1705 1015 1766 qnoque
1042 1684 1085 1746 ad

180 1766 310 1847 gloriam
326 1767 458 1841 accessit,
473 1767 555 1846 quod
574 1787 646 1828 cum
666 1766 721 1827 illo
740 1765 833 1828 simul
849 1767 934 1847 justa
954 1786 991 1827 ao
1010 1765 1085 1845 legi-

181 1848 258 1908 tima
271 1867 365 1928 regna
379 1847 564 1909 occiderunt
606 1847 645 1907 Id
666 1847 765 1928 ipsum
786 1855 850 1910 tam
871 1848 945 1910 mite
963 1867 1000 1908 ac
1019 1856 1085 1910 tam

128 1931 168 1993 20
181 1928 371 1989 moderatum
386 1928 548 2008 imperium
561 1935 674 2002 tamen,
689 1928 762 2008 quia
783 1929 873 1989 unius
893 1937 978 2001 esset,
994 1929 1085 2008 depo·

181 2029 252 2069 nere
267 2027 336 2068 eum
351 2009 382 2069 in
397 2009 500 2069 animo
514 2007 656 2068 habuisse
670 2008 796 2088 quidam
810 2017 949 2070 auctores
962 2017 1042 2082 sunt,
1051 2007 1085 2068 ni

180 2088 278 2149 scelus
292 2090 470 2150 intestinum
485 2087 663 2150 liberandae
677 2089 797 2169 patriae
810 2089 938 2150 consilia
951 2088 1084 2170 agitanti

65 2174 83 2246 J
181 2169 399 2230 intervenisset.

222 2249 346 2311 XLIX.
387 2248 466 2310 Inde
486 2248 522 2310 L.
544 2245 731 2329 Tarquinius
747 2270 876 2329 regnare
890 2249 1017 2329 occepit,
1033 2249 1084 2310 oui

128 2331 167 2393 25
181 2329 319 2409 Superbo
344 2350 510 2409 cognomen
534 2329 618 2389 facta
641 2329 828 2404 indiderunt,
850 2331 924 2411 quia
946 2350 1084 2391 socerum

169 2431 274 2489 gener
297 2410 454 2489 sepultura
479 2409 645 2488 prohibuit,
671 2409 839 2470 Romulum
864 2431 984 2491 quoque
1007 2409 1084 2470 inse·

203 2490 302 2550 ultum
322 2490 433 2630 perisse
452 2488 607 2561 dictitans,
627 2489 833 2570 primoresque
854 2500 987 2570 patrum,
1008 2509 1084 2570 quos

220 2571 267 2632 rvi
289 2591 322 2631 re
344 2590 379 2630 us
399 2569 509 2631 favisse
524 2568 674 2642 credebat,
691 2569 859 2645 interfecit3
881 2571 1017 2632 conscius
1032 2570 1083 2631 de·

181 2649 253 2710 inde
275 2650 354 2711 male
378 2649 544 2729 quaerendi
566 2649 653 2726 regni
677 2649 717 2710 ab
740 2669 772 2710 se
793 2650 859 2730 ipso
883 2651 1028 2712 adversus
1051 2669 1084 2710 se

127 2733 167 2795 30
181 2730 355 2809 exemplum
370 2730 439 2809 oapi
454 2749 547 2809 posse,
563 2729 689 2789 armatis
707 2749 815 2808 corpus
836 2731 1083 2810 circumsaepsit;

180 2810 373 2890 nequeenim
387 2811 427 2870 ad
438 2810 489 2889 jus
503 2809 588 2888 regni
603 2808 768 2948 quicquam
783 2821 902 2889 praeter
912 2811 976 2872 vim
992 2809 1084 2871 habe-

180 2890 243 2964 bat,
267 2899 302 2952 nt
328 2891 382 2970 qui
410 2909 508 2970 neque
531 2889 638 2968 popui
660 2889 747 2968 jussu
776 2910 873 2970 neque
905 2890 1082 2952 auctoribus

179 2971 318 3051 patribus
346 2978 495 3049 regnaret.
551 2969 598 3030 Eo
627 2968 801 3044 accedebat,
829 2981 865 3032 ut
892 2971 925 3031 in
953 2970 1082 3031 caritate

179 3052 295 3112 civium
316 3051 394 3111 nihil
416 3049 480 3129 spei
501 3049 659 3128 reponenti
677 3058 760 3110 metu
774 3071 902 3131 regnum
917 3050 1081 3112 tutandum

127 3131 166 3192 35
181 3140 265 3191 esset.
306 3131 405 3206 Quem
422 3139 455 3189 ut
470 3128 611 3208 pluribus
625 3129 784 3202 incuteret,
800 3151 836 3192 co
858 3130 986 3192 nitiones
1000 3129 1082 3208 capi·

181 3210 291 3270 talium
314 3227 413 3268 rerum
438 3209 503 3268 sine
525 3208 658 3268 consiliis
683 3229 738 3300 per
758 3229 789 3269 se
809 3153 890 3272 solus
909 3209 1081 3282 exercebat,

180 3308 293 3366 perque
307 3307 373 3347 eam
388 3307 511 3346 causam
525 3286 671 3359 occidere,
686 3307 718 3346 m
732 3287 862 3350 exilium
880 3309 978 3368 agere,
992 3287 1081 3349 bonis

180 3367 311 3427 multare
325 3375 442 3444 poterat
456 3384 517 3424 non
530 3375 684 3443 suspectos
704 3367 795 3428 modo
815 3379 870 3429 aut
891 3369 1012 3442 invisos,
1025 3367 1080 3428 sed

179 3445 261 3506 unde
274 3443 353 3505 nihil
368 3443 453 3504 aliud
469 3463 561 3522 quam
576 3445 723 3522 praedam
736 3465 857 3524 sperare
871 3457 978 3528 posset.
