<?xml version="1.0" encoding="UTF-8"?>
<!DOCTYPE html PUBLIC "-//W3C//DTD XHTML 1.0 Transitional//EN"
    "http://www.w3.org/TR/xhtml1/DTD/xhtml1-transitional.dtd">
<html xmlns="http://www.w3.org/1999/xhtml" xml:lang="en" lang="en">
 <head>
  <title>
</title>
<meta http-equiv="Content-Type" content="text/html;charset=utf-8" />
  <meta name='ocr-system' content='tesseract 3.04.00' />
  <meta name='ocr-capabilities' content='ocr_page ocr_carea ocr_par ocr_line ocrx_word'/>
</head>
<body>
  <div class='ocr_page' id='page_1' title='image "./historieslivybo00chasgoog_0078.png"; bbox 0 0 2572 3790; ppageno 0'>
   <div class='ocr_carea' id='block_1_1' title="bbox 477 217 1138 303">
    <p class='ocr_par' dir='ltr' id='par_1_1' title="bbox 477 217 1138 303">
     <span class='ocr_line' id='line_1_1' title="bbox 477 217 1138 303; baseline 0.002 -19"><span class='ocrx_word' id='word_1_1' title='bbox 477 237 613 286; x_wconf 74' lang='lat' dir='ltr'>arnna</span> <span class='ocrx_word' id='word_1_2' title='bbox 638 237 663 303; x_wconf 94' lang='lat'>1,</span> <span class='ocrx_word' id='word_1_3' title='bbox 680 219 810 286; x_wconf 77' lang='lat'>51-52.</span> <span class='ocrx_word' id='word_1_4' title='bbox 1098 217 1138 285; x_wconf 79' lang='lat'>71</span> 
     </span>
    </p>
   </div>
   <div class='ocr_carea' id='block_1_2' title="bbox 185 392 1146 3424">
    <p class='ocr_par' dir='ltr' id='par_1_2' title="bbox 185 392 1143 1176">
     <span class='ocr_line' id='line_1_2' title="bbox 186 392 1088 466; baseline -0.001 -12"><span class='ocrx_word' id='word_1_5' title='bbox 186 394 264 466; x_wconf 91' lang='lat' dir='ltr'>luce,</span> <span class='ocrx_word' id='word_1_6' title='bbox 286 393 341 453; x_wconf 94' lang='lat' dir='ltr'>ubi</span> <span class='ocrx_word' id='word_1_7' title='bbox 363 401 491 456; x_wconf 86' lang='lat' dir='ltr'>ventum</span> <span class='ocrx_word' id='word_1_8' title='bbox 513 393 545 453; x_wconf 91' lang='lat' dir='ltr'>in</span> <span class='ocrx_word' id='word_1_9' title='bbox 568 393 731 455; x_wconf 89' lang='lat' dir='ltr'>concilium</span> <span class='ocrx_word' id='word_1_10' title='bbox 759 393 808 465; x_wconf 89' lang='lat' dir='ltr'>sit,</span> <span class='ocrx_word' id='word_1_11' title='bbox 828 392 996 453; x_wconf 89' lang='lat' dir='ltr'>instructus</span> <span class='ocrx_word' id='word_1_12' title='bbox 1016 411 1088 454; x_wconf 87' lang='lat' dir='ltr'>cum</span> 
     </span>
     <span class='ocr_line' id='line_1_3' title="bbox 186 471 1088 552; baseline -0.001 -18"><span class='ocrx_word' id='word_1_13' title='bbox 186 475 416 552; x_wconf 86' lang='lat' dir='ltr'>conjuratorum</span> <span class='ocrx_word' id='word_1_14' title='bbox 437 493 531 536; x_wconf 91' lang='lat' dir='ltr'>manu</span> <span class='ocrx_word' id='word_1_15' title='bbox 551 483 745 552; x_wconf 89' lang='lat' dir='ltr'>armatusque</span> <span class='ocrx_word' id='word_1_16' title='bbox 758 481 906 534; x_wconf 87' lang='lat' dir='ltr'>venturus</span> <span class='ocrx_word' id='word_1_17' title='bbox 925 472 974 533; x_wconf 86' lang='lat' dir='ltr'>sit.</span> <span class='ocrx_word' id='word_1_18' title='bbox 1015 471 1088 533; x_wconf 89' lang='lat' dir='ltr'>Dici</span> 
     </span>
     <span class='ocr_line' id='line_1_4' title="bbox 185 551 1088 632; baseline 0 -20"><span class='ocrx_word' id='word_1_19' title='bbox 185 553 362 632; x_wconf 84' lang='lat' dir='ltr'>gladiorum</span> <span class='ocrx_word' id='word_1_20' title='bbox 390 554 543 631; x_wconf 85' lang='lat' dir='ltr'>ingentem</span> <span class='ocrx_word' id='word_1_21' title='bbox 570 573 633 614; x_wconf 87' lang='lat' dir='ltr'>esse</span> <span class='ocrx_word' id='word_1_22' title='bbox 660 571 820 612; x_wconf 90' lang='lat' dir='ltr'>numerum</span> <span class='ocrx_word' id='word_1_23' title='bbox 852 551 892 611; x_wconf 91' lang='lat' dir='ltr'>ad</span> <span class='ocrx_word' id='word_1_24' title='bbox 922 571 992 612; x_wconf 85' lang='lat' dir='ltr'>eum</span> <span class='ocrx_word' id='word_1_25' title='bbox 1019 571 1088 612; x_wconf 89' lang='lat' dir='ltr'>oon-</span> 
     </span>
     <span class='ocr_line' id='line_1_5' title="bbox 185 630 1087 710; baseline -0.001 -17"><span class='ocrx_word' id='word_1_26' title='bbox 185 642 318 693; x_wconf 86' lang='lat' dir='ltr'>vectum.</span> <span class='ocrx_word' id='word_1_27' title='bbox 362 632 400 692; x_wconf 92' lang='lat' dir='ltr'>Id</span> <span class='ocrx_word' id='word_1_28' title='bbox 413 652 528 694; x_wconf 88' lang='lat' dir='ltr'>vanum</span> <span class='ocrx_word' id='word_1_29' title='bbox 548 652 643 693; x_wconf 86' lang='lat' dir='ltr'>necne</span> <span class='ocrx_word' id='word_1_30' title='bbox 663 632 711 704; x_wconf 90' lang='lat' dir='ltr'>sit,</span> <span class='ocrx_word' id='word_1_31' title='bbox 727 630 882 709; x_wconf 87' lang='lat' dir='ltr'>extemplo</span> <span class='ocrx_word' id='word_1_32' title='bbox 902 631 973 692; x_wconf 87' lang='lat' dir='ltr'>sciri</span> <span class='ocrx_word' id='word_1_33' title='bbox 993 651 1087 710; x_wconf 85' lang='lat' dir='ltr'>possa</span> 
     </span>
     <span class='ocr_line' id='line_1_6' title="bbox 186 710 1142 790; baseline 0.002 -19"><span class='ocrx_word' id='word_1_34' title='bbox 186 711 308 790; x_wconf 83' lang='lat' dir='ltr'><strong>Rogare</strong></span> <span class='ocrx_word' id='word_1_35' title='bbox 335 731 395 784; x_wconf 90' lang='lat' dir='ltr'>eos,</span> <span class='ocrx_word' id='word_1_36' title='bbox 423 722 458 772; x_wconf 91' lang='lat' dir='ltr'>ut</span> <span class='ocrx_word' id='word_1_37' title='bbox 484 712 556 774; x_wconf 86' lang='lat' dir='ltr'>inde</span> <span class='ocrx_word' id='word_1_38' title='bbox 588 731 691 773; x_wconf 88' lang='lat' dir='ltr'>secum</span> <span class='ocrx_word' id='word_1_39' title='bbox 718 710 758 772; x_wconf 87' lang='lat' dir='ltr'>ad</span> <span class='ocrx_word' id='word_1_40' title='bbox 786 710 925 770; x_wconf 80' lang='lat' dir='ltr'>Turnum</span> <span class='ocrx_word' id='word_1_41' title='bbox 951 711 1086 772; x_wconf 81' lang='lat' dir='ltr'>veniant</span> <span class='ocrx_word' id='word_1_42' title='bbox 1122 711 1142 772; x_wconf 82' lang='grc' dir='ltr'>δ</span> 
     </span>
     <span class='ocr_line' id='line_1_7' title="bbox 186 790 1088 871; baseline -0.001 -19"><span class='ocrx_word' id='word_1_43' title='bbox 186 792 366 870; x_wconf 77' lang='lat' dir='ltr'><strong>Suspectam</strong></span> <span class='ocrx_word' id='word_1_44' title='bbox 393 791 467 852; x_wconf 87' lang='lat' dir='ltr'>fecit</span> <span class='ocrx_word' id='word_1_45' title='bbox 492 812 556 852; x_wconf 92' lang='lat' dir='ltr'>rem</span> <span class='ocrx_word' id='word_1_46' title='bbox 583 800 615 852; x_wconf 93' lang='lat' dir='ltr'>et</span> <span class='ocrx_word' id='word_1_47' title='bbox 641 791 797 871; x_wconf 83' lang='lat' dir='ltr'>ingenium</span> <span class='ocrx_word' id='word_1_48' title='bbox 825 790 922 851; x_wconf 81' lang='lat' dir='ltr'>Turni</span> <span class='ocrx_word' id='word_1_49' title='bbox 945 790 1032 851; x_wconf 82' lang='lat' dir='ltr'>ferox</span> <span class='ocrx_word' id='word_1_50' title='bbox 1055 799 1088 851; x_wconf 89' lang='lat' dir='ltr'>et</span> 
     </span>
     <span class='ocr_line' id='line_1_8' title="bbox 187 869 1089 951; baseline -0.002 -19"><span class='ocrx_word' id='word_1_51' title='bbox 187 873 286 932; x_wconf 84' lang='lat' dir='ltr'>oratio</span> <span class='ocrx_word' id='word_1_52' title='bbox 300 871 442 932; x_wconf 88' lang='lat' dir='ltr'>hesterna</span> <span class='ocrx_word' id='word_1_53' title='bbox 454 879 485 932; x_wconf 92' lang='lat' dir='ltr'>et</span> <span class='ocrx_word' id='word_1_54' title='bbox 499 891 585 932; x_wconf 88' lang='lat' dir='ltr'>mora</span> <span class='ocrx_word' id='word_1_55' title='bbox 597 869 767 951; x_wconf 84' lang='lat' dir='ltr'>Tarquinii,</span> <span class='ocrx_word' id='word_1_56' title='bbox 777 869 859 950; x_wconf 94' lang='lat' dir='ltr'>quod</span> <span class='ocrx_word' id='word_1_57' title='bbox 872 870 1036 932; x_wconf 86' lang='lat' dir='ltr'>videbatur</span> <span class='ocrx_word' id='word_1_58' title='bbox 1049 869 1089 932; x_wconf 93' lang='lat' dir='ltr'>ob</span> 
     </span>
     <span class='ocr_line' id='line_1_9' title="bbox 187 949 1089 1030; baseline 0 -20"><span class='ocrx_word' id='word_1_59' title='bbox 187 971 253 1010; x_wconf 90' lang='lat' dir='ltr'>eam</span> <span class='ocrx_word' id='word_1_60' title='bbox 269 951 386 1010; x_wconf 83' lang='lat' dir='ltr'>differri</span> <span class='ocrx_word' id='word_1_61' title='bbox 399 951 499 1012; x_wconf 88' lang='lat' dir='ltr'>caedis</span> <span class='ocrx_word' id='word_1_62' title='bbox 513 951 653 1030; x_wconf 84' lang='lat' dir='ltr'>potuisse.</span> <span class='ocrx_word' id='word_1_63' title='bbox 695 950 781 1012; x_wconf 89' lang='lat' dir='ltr'>Eunt</span> <span class='ocrx_word' id='word_1_64' title='bbox 794 949 951 1010; x_wconf 89' lang='lat' dir='ltr'>inclinatis</span> <span class='ocrx_word' id='word_1_65' title='bbox 965 950 1089 1030; x_wconf 87' lang='lat' dir='ltr'>quidem</span> 
     </span>
     <span class='ocr_line' id='line_1_10' title="bbox 187 1029 1120 1110; baseline 0.006 -20"><span class='ocrx_word' id='word_1_66' title='bbox 187 1031 227 1090; x_wconf 89' lang='lat' dir='ltr'>ad</span> <span class='ocrx_word' id='word_1_67' title='bbox 242 1031 427 1090; x_wconf 86' lang='lat' dir='ltr'>credendum</span> <span class='ocrx_word' id='word_1_68' title='bbox 441 1031 681 1105; x_wconf 70' lang='lat' dir='ltr'>animistamen,</span> <span class='ocrx_word' id='word_1_69' title='bbox 691 1030 750 1091; x_wconf 92' lang='lat' dir='ltr'>nisi</span> <span class='ocrx_word' id='word_1_70' title='bbox 759 1029 871 1110; x_wconf 76' lang='lat' dir='ltr'>gladiis</span> <span class='ocrx_word' id='word_1_71' title='bbox 885 1029 1088 1110; x_wconf 86' lang='lat' dir='ltr'>deprehensis,</span> <span class='ocrx_word' id='word_1_72' title='bbox 1116 1089 1120 1096; x_wconf 90' lang='lat'>.</span> 
     </span>
     <span class='ocr_line' id='line_1_11' title="bbox 188 1111 1143 1176; baseline 0.005 -6"><span class='ocrx_word' id='word_1_73' title='bbox 188 1120 289 1171; x_wconf 90' lang='lat' dir='ltr'>cetera</span> <span class='ocrx_word' id='word_1_74' title='bbox 303 1130 384 1170; x_wconf 83' lang='lat' dir='ltr'>vana</span> <span class='ocrx_word' id='word_1_75' title='bbox 396 1111 609 1172; x_wconf 87' lang='lat' dir='ltr'>existimaturi.</span> <span class='ocrx_word' id='word_1_76' title='bbox 1103 1112 1143 1176; x_wconf 91' lang='grc'>10</span> 
     </span>
    </p>

    <p class='ocr_par' dir='ltr' id='par_1_3' title="bbox 190 1189 1144 1992">
     <span class='ocr_line' id='line_1_12' title="bbox 230 1189 1088 1265; baseline -0.002 -13"><span class='ocrx_word' id='word_1_77' title='bbox 230 1189 296 1252; x_wconf 89' lang='lat' dir='ltr'>Ubi</span> <span class='ocrx_word' id='word_1_78' title='bbox 309 1198 354 1251; x_wconf 90' lang='lat' dir='ltr'>est</span> <span class='ocrx_word' id='word_1_79' title='bbox 367 1210 402 1250; x_wconf 88' lang='lat' dir='ltr'>eo</span> <span class='ocrx_word' id='word_1_80' title='bbox 416 1199 552 1264; x_wconf 91' lang='lat' dir='ltr'>ventum,</span> <span class='ocrx_word' id='word_1_81' title='bbox 566 1191 716 1265; x_wconf 85' lang='lat' dir='ltr'>Turnum,</span> <span class='ocrx_word' id='word_1_82' title='bbox 730 1211 770 1253; x_wconf 85' lang='lat' dir='ltr'>ex</span> <span class='ocrx_word' id='word_1_83' title='bbox 790 1211 894 1252; x_wconf 87' lang='lat' dir='ltr'>somno</span> <span class='ocrx_word' id='word_1_84' title='bbox 908 1190 1088 1264; x_wconf 89' lang='lat' dir='ltr'>excitatum,</span> 
     </span>
     <span class='ocr_line' id='line_1_13' title="bbox 190 1270 1089 1350; baseline 0 -20"><span class='ocrx_word' id='word_1_85' title='bbox 190 1270 417 1331; x_wconf 79' lang='lat' dir='ltr'>circumsistunt</span> <span class='ocrx_word' id='word_1_86' title='bbox 437 1271 592 1344; x_wconf 73' lang='lat' dir='ltr'>custodes,</span> <span class='ocrx_word' id='word_1_87' title='bbox 620 1271 833 1350; x_wconf 80' lang='lat' dir='ltr'>conprehensis</span> <span class='ocrx_word' id='word_1_88' title='bbox 855 1291 893 1330; x_wconf 88' lang='lat' dir='ltr'>ue</span> <span class='ocrx_word' id='word_1_89' title='bbox 911 1271 1014 1343; x_wconf 90' lang='lat' dir='ltr'>servis,</span> <span class='ocrx_word' id='word_1_90' title='bbox 1034 1271 1089 1350; x_wconf 91' lang='lat' dir='ltr'>qui</span> 
     </span>
     <span class='ocr_line' id='line_1_14' title="bbox 190 1291 1090 1431; baseline -0.002 -19"><span class='ocrx_word' id='word_1_91' title='bbox 190 1351 317 1412; x_wconf 83' lang='lat' dir='ltr'>caritate</span> <span class='ocrx_word' id='word_1_92' title='bbox 338 1349 453 1410; x_wconf 93' lang='lat' dir='ltr'>domini</span> <span class='ocrx_word' id='word_1_93' title='bbox 467 1351 532 1412; x_wconf 84' lang='lat' dir='ltr'>vim</span> <span class='ocrx_word' id='word_1_94' title='bbox 552 1351 713 1430; x_wconf 84' lang='lat' dir='ltr'>parabant,</span> <span class='ocrx_word' id='word_1_95' title='bbox 728 1371 798 1412; x_wconf 86' lang='lat' dir='ltr'>cum</span> <span class='ocrx_word' id='word_1_96' title='bbox 819 1291 915 1431; x_wconf 81' lang='lat' dir='ltr'>gladii</span> <span class='ocrx_word' id='word_1_97' title='bbox 935 1350 1034 1411; x_wconf 90' lang='lat' dir='ltr'>abditi</span> <span class='ocrx_word' id='word_1_98' title='bbox 1049 1371 1090 1411; x_wconf 86' lang='lat' dir='ltr'>ex</span> 
     </span>
     <span class='ocr_line' id='line_1_15' title="bbox 190 1429 1089 1510; baseline -0.002 -19"><span class='ocrx_word' id='word_1_99' title='bbox 190 1429 330 1491; x_wconf 92' lang='lat' dir='ltr'>omnibus</span> <span class='ocrx_word' id='word_1_100' title='bbox 353 1429 428 1492; x_wconf 89' lang='lat' dir='ltr'>locis</span> <span class='ocrx_word' id='word_1_101' title='bbox 448 1430 629 1492; x_wconf 85' lang='lat' dir='ltr'>deverticuli</span> <span class='ocrx_word' id='word_1_102' title='bbox 653 1432 913 1510; x_wconf 80' lang='lat' dir='ltr'>protraherentur,</span> <span class='ocrx_word' id='word_1_103' title='bbox 934 1431 1089 1491; x_wconf 90' lang='lat' dir='ltr'>enimvero</span> 
     </span>
     <span class='ocr_line' id='line_1_16' title="bbox 190 1509 1143 1591; baseline 0.002 -21"><span class='ocrx_word' id='word_1_104' title='bbox 190 1509 353 1570; x_wconf 88' lang='lat' dir='ltr'>manifesta</span> <span class='ocrx_word' id='word_1_105' title='bbox 376 1531 423 1572; x_wconf 87' lang='lat' dir='ltr'>res</span> <span class='ocrx_word' id='word_1_106' title='bbox 446 1510 523 1583; x_wconf 85' lang='lat' dir='ltr'>visa,</span> <span class='ocrx_word' id='word_1_107' title='bbox 546 1511 736 1591; x_wconf 86' lang='lat' dir='ltr'>injectaeque</span> <span class='ocrx_word' id='word_1_108' title='bbox 758 1509 863 1570; x_wconf 84' lang='lat' dir='ltr'>Turno</span> <span class='ocrx_word' id='word_1_109' title='bbox 888 1519 1030 1582; x_wconf 86' lang='lat' dir='ltr'>catenae;</span> <span class='ocrx_word' id='word_1_110' title='bbox 1058 1518 1090 1571; x_wconf 89' lang='lat' dir='ltr'>et</span> <span class='ocrx_word' id='word_1_111' title='bbox 1103 1510 1143 1572; x_wconf 79' lang='lat' dir='ltr'>ld</span> 
     </span>
     <span class='ocr_line' id='line_1_17' title="bbox 191 1589 1090 1670; baseline 0 -20"><span class='ocrx_word' id='word_1_112' title='bbox 191 1590 349 1650; x_wconf 84' lang='lat' dir='ltr'>confestim</span> <span class='ocrx_word' id='word_1_113' title='bbox 362 1590 544 1652; x_wconf 79' lang='lat' dir='ltr'>latinorum</span> <span class='ocrx_word' id='word_1_114' title='bbox 559 1590 723 1652; x_wconf 87' lang='lat' dir='ltr'>concilium</span> <span class='ocrx_word' id='word_1_115' title='bbox 744 1610 856 1670; x_wconf 86' lang='lat' dir='ltr'>magno</span> <span class='ocrx_word' id='word_1_116' title='bbox 869 1610 940 1650; x_wconf 89' lang='lat' dir='ltr'>oum</span> <span class='ocrx_word' id='word_1_117' title='bbox 953 1589 1090 1651; x_wconf 86' lang='lat' dir='ltr'>tumultu</span> 
     </span>
     <span class='ocr_line' id='line_1_18' title="bbox 191 1669 1089 1752; baseline 0.001 -21"><span class='ocrx_word' id='word_1_118' title='bbox 191 1670 368 1732; x_wconf 81' lang='lat' dir='ltr'>advocatur.</span> <span class='ocrx_word' id='word_1_119' title='bbox 411 1670 461 1731; x_wconf 93' lang='lat' dir='ltr'>Ibi</span> <span class='ocrx_word' id='word_1_120' title='bbox 477 1680 540 1732; x_wconf 89' lang='lat' dir='ltr'>tam</span> <span class='ocrx_word' id='word_1_121' title='bbox 554 1680 645 1734; x_wconf 83' lang='lat' dir='ltr'>atrox</span> <span class='ocrx_word' id='word_1_122' title='bbox 659 1671 780 1733; x_wconf 89' lang='lat' dir='ltr'>invidia</span> <span class='ocrx_word' id='word_1_123' title='bbox 792 1681 860 1733; x_wconf 88' lang='lat' dir='ltr'>orta</span> <span class='ocrx_word' id='word_1_124' title='bbox 873 1680 918 1732; x_wconf 86' lang='lat' dir='ltr'>cst</span> <span class='ocrx_word' id='word_1_125' title='bbox 931 1669 1042 1752; x_wconf 84' lang='lat' dir='ltr'>gladiis</span> <span class='ocrx_word' id='word_1_126' title='bbox 1055 1670 1089 1732; x_wconf 92' lang='lat' dir='ltr'>in</span> 
     </span>
     <span class='ocr_line' id='line_1_19' title="bbox 191 1751 1090 1832; baseline 0.003 -22"><span class='ocrx_word' id='word_1_127' title='bbox 191 1751 291 1811; x_wconf 91' lang='lat' dir='ltr'>medio</span> <span class='ocrx_word' id='word_1_128' title='bbox 305 1752 418 1830; x_wconf 87' lang='lat' dir='ltr'>positis,</span> <span class='ocrx_word' id='word_1_129' title='bbox 432 1760 468 1812; x_wconf 96' lang='lat' dir='ltr'>ut</span> <span class='ocrx_word' id='word_1_130' title='bbox 481 1752 599 1813; x_wconf 90' lang='lat' dir='ltr'>indicta</span> <span class='ocrx_word' id='word_1_131' title='bbox 617 1772 718 1826; x_wconf 88' lang='lat' dir='ltr'>causa,</span> <span class='ocrx_word' id='word_1_132' title='bbox 732 1772 812 1814; x_wconf 85' lang='lat' dir='ltr'>novo</span> <span class='ocrx_word' id='word_1_133' title='bbox 831 1752 1025 1832; x_wconf 86' lang='lat' dir='ltr'>genere&#39;lcti,</span> <span class='ocrx_word' id='word_1_134' title='bbox 1040 1751 1090 1813; x_wconf 91' lang='lat' dir='ltr'>de-</span> 
     </span>
     <span class='ocr_line' id='line_1_20' title="bbox 192 1830 1090 1912; baseline 0 -20"><span class='ocrx_word' id='word_1_135' title='bbox 192 1832 293 1912; x_wconf 88' lang='lat' dir='ltr'>jectus</span> <span class='ocrx_word' id='word_1_136' title='bbox 307 1830 348 1890; x_wconf 89' lang='lat' dir='ltr'>ad</span> <span class='ocrx_word' id='word_1_137' title='bbox 361 1841 455 1911; x_wconf 90' lang='lat' dir='ltr'>caput</span> <span class='ocrx_word' id='word_1_138' title='bbox 474 1852 573 1912; x_wconf 88' lang='lat' dir='ltr'>aquae</span> <span class='ocrx_word' id='word_1_139' title='bbox 586 1833 778 1908; x_wconf 83' lang='lat' dir='ltr'>Ferentinae,</span> <span class='ocrx_word' id='word_1_140' title='bbox 792 1841 876 1894; x_wconf 81' lang='lat' dir='ltr'>crate</span> <span class='ocrx_word' id='word_1_141' title='bbox 895 1852 1024 1912; x_wconf 88' lang='lat' dir='ltr'>superne</span> <span class='ocrx_word' id='word_1_142' title='bbox 1045 1833 1090 1892; x_wconf 96' lang='lat' dir='ltr'>in·</span> 
     </span>
     <span class='ocr_line' id='line_1_21' title="bbox 191 1913 1144 1992; baseline 0.005 -21"><span class='ocrx_word' id='word_1_143' title='bbox 191 1913 276 1991; x_wconf 87' lang='lat' dir='ltr'>jecta</span> <span class='ocrx_word' id='word_1_144' title='bbox 288 1913 431 1992; x_wconf 83' lang='lat' dir='ltr'>saxisque</span> <span class='ocrx_word' id='word_1_145' title='bbox 444 1913 601 1992; x_wconf 87' lang='lat' dir='ltr'>congestis,</span> <span class='ocrx_word' id='word_1_146' title='bbox 616 1922 809 1992; x_wconf 84' lang='lat' dir='ltr'>mergeretur.</span> <span class='ocrx_word' id='word_1_147' title='bbox 1104 1915 1144 1976; x_wconf 80' lang='lat'>20</span> 
     </span>
    </p>

    <p class='ocr_par' dir='ltr' id='par_1_4' title="bbox 190 1989 1145 3031">
     <span class='ocr_line' id='line_1_22' title="bbox 230 1989 1091 2054; baseline 0.003 -3"><span class='ocrx_word' id='word_1_148' title='bbox 230 1991 305 2051; x_wconf 86' lang='lat' dir='ltr'><strong>LII.</strong></span> <span class='ocrx_word' id='word_1_149' title='bbox 346 1993 509 2054; x_wconf 87' lang='lat' dir='ltr'>Revocatis</span> <span class='ocrx_word' id='word_1_150' title='bbox 523 1991 632 2054; x_wconf 90' lang='lat' dir='ltr'>deinde</span> <span class='ocrx_word' id='word_1_151' title='bbox 646 1992 687 2053; x_wconf 88' lang='lat' dir='ltr'>ad</span> <span class='ocrx_word' id='word_1_152' title='bbox 701 1993 864 2054; x_wconf 89' lang='lat' dir='ltr'>concilium</span> <span class='ocrx_word' id='word_1_153' title='bbox 878 1991 1000 2054; x_wconf 87' lang='lat' dir='ltr'>Latinis</span> <span class='ocrx_word' id='word_1_154' title='bbox 1018 1989 1091 2054; x_wconf 88' lang='lat' dir='ltr'>Tar·</span> 
     </span>
     <span class='ocr_line' id='line_1_23' title="bbox 191 2071 1091 2153; baseline 0.002 -23"><span class='ocrx_word' id='word_1_155' title='bbox 191 2072 315 2150; x_wconf 90' lang='lat' dir='ltr'>quinius</span> <span class='ocrx_word' id='word_1_156' title='bbox 339 2071 599 2152; x_wconf 88' lang='lat' dir='ltr'>conlaudatisque,</span> <span class='ocrx_word' id='word_1_157' title='bbox 621 2073 674 2153; x_wconf 93' lang='lat' dir='ltr'>qui</span> <span class='ocrx_word' id='word_1_158' title='bbox 695 2071 834 2133; x_wconf 84' lang='lat' dir='ltr'>Turnum</span> <span class='ocrx_word' id='word_1_159' title='bbox 857 2082 1021 2134; x_wconf 89' lang='lat' dir='ltr'>novantem</span> <span class='ocrx_word' id='word_1_160' title='bbox 1043 2091 1091 2133; x_wconf 88' lang='lat' dir='ltr'>res</span> 
     </span>
     <span class='ocr_line' id='line_1_24' title="bbox 190 2152 1092 2232; baseline 0.002 -22"><span class='ocrx_word' id='word_1_161' title='bbox 190 2172 247 2230; x_wconf 94' lang='lat' dir='ltr'>pro</span> <span class='ocrx_word' id='word_1_162' title='bbox 261 2153 422 2212; x_wconf 81' lang='lat' dir='ltr'>manifesto</span> <span class='ocrx_word' id='word_1_163' title='bbox 435 2153 600 2232; x_wconf 88' lang='lat' dir='ltr'>parricidio</span> <span class='ocrx_word' id='word_1_164' title='bbox 614 2152 724 2213; x_wconf 87' lang='lat' dir='ltr'>merita</span> <span class='ocrx_word' id='word_1_165' title='bbox 737 2173 835 2232; x_wconf 85' lang='lat' dir='ltr'>poena</span> <span class='ocrx_word' id='word_1_166' title='bbox 848 2153 1037 2226; x_wconf 86' lang='lat' dir='ltr'>adfecissent,</span> <span class='ocrx_word' id='word_1_167' title='bbox 1047 2152 1092 2212; x_wconf 90' lang='lat' dir='ltr'>ita</span> 
     </span>
     <span class='ocr_line' id='line_1_25' title="bbox 191 2231 1092 2313; baseline -0.001 -19"><span class='ocrx_word' id='word_1_168' title='bbox 191 2231 288 2294; x_wconf 86' lang='lat' dir='ltr'>verba</span> <span class='ocrx_word' id='word_1_169' title='bbox 296 2233 385 2293; x_wconf 81' lang='lat' dir='ltr'>fecit:</span> <span class='ocrx_word' id='word_1_170' title='bbox 404 2236 412 2263; x_wconf 93' lang='lat'>‘</span> <span class='ocrx_word' id='word_1_171' title='bbox 422 2253 505 2312; x_wconf 88' lang='lat' dir='ltr'>posse</span> <span class='ocrx_word' id='word_1_172' title='bbox 516 2233 640 2312; x_wconf 92' lang='lat' dir='ltr'>quidem</span> <span class='ocrx_word' id='word_1_173' title='bbox 650 2253 681 2296; x_wconf 90' lang='lat' dir='ltr'>se</span> <span class='ocrx_word' id='word_1_174' title='bbox 690 2241 807 2295; x_wconf 86' lang='lat' dir='ltr'>vetusto</span> <span class='ocrx_word' id='word_1_175' title='bbox 813 2234 884 2313; x_wconf 88' lang='lat' dir='ltr'>jure</span> <span class='ocrx_word' id='word_1_176' title='bbox 893 2245 991 2312; x_wconf 82' lang='lat' dir='ltr'>agere,</span> <span class='ocrx_word' id='word_1_177' title='bbox 1000 2231 1092 2312; x_wconf 92' lang='lat' dir='ltr'>quod,</span> 
     </span>
     <span class='ocr_line' id='line_1_26' title="bbox 191 2311 1145 2390; baseline 0.001 -17"><span class='ocrx_word' id='word_1_178' title='bbox 191 2331 264 2373; x_wconf 90' lang='lat' dir='ltr'>cum</span> <span class='ocrx_word' id='word_1_179' title='bbox 282 2333 385 2374; x_wconf 90' lang='lat' dir='ltr'>omnes</span> <span class='ocrx_word' id='word_1_180' title='bbox 404 2312 511 2375; x_wconf 90' lang='lat' dir='ltr'>Latini</span> <span class='ocrx_word' id='word_1_181' title='bbox 531 2313 571 2373; x_wconf 92' lang='lat' dir='ltr'>ab</span> <span class='ocrx_word' id='word_1_182' title='bbox 585 2311 671 2374; x_wconf 88' lang='lat' dir='ltr'>Alba</span> <span class='ocrx_word' id='word_1_183' title='bbox 684 2313 806 2374; x_wconf 87' lang='lat' dir='ltr'>oriundi</span> <span class='ocrx_word' id='word_1_184' title='bbox 819 2314 889 2387; x_wconf 91' lang='lat' dir='ltr'>sint,</span> <span class='ocrx_word' id='word_1_185' title='bbox 906 2313 967 2390; x_wconf 90' lang='lat' dir='ltr'>[in]</span> <span class='ocrx_word' id='word_1_186' title='bbox 983 2333 1019 2373; x_wconf 90' lang='lat' dir='ltr'>eo</span> <span class='ocrx_word' id='word_1_187' title='bbox 1032 2311 1091 2372; x_wconf 78' lang='lat' dir='ltr'>foe</span> <span class='ocrx_word' id='word_1_188' title='bbox 1106 2313 1145 2374; x_wconf 84' lang='lat'>25</span> 
     </span>
     <span class='ocr_line' id='line_1_27' title="bbox 192 2392 1091 2472; baseline 0 -20"><span class='ocrx_word' id='word_1_189' title='bbox 192 2392 264 2452; x_wconf 88' lang='lat' dir='ltr'>dere</span> <span class='ocrx_word' id='word_1_190' title='bbox 283 2401 452 2465; x_wconf 89' lang='lat' dir='ltr'>teneantur,</span> <span class='ocrx_word' id='word_1_191' title='bbox 467 2413 527 2472; x_wconf 90' lang='lat' dir='ltr'>quo</span> <span class='ocrx_word' id='word_1_192' title='bbox 541 2392 582 2453; x_wconf 88' lang='lat' dir='ltr'>ab</span> <span class='ocrx_word' id='word_1_193' title='bbox 596 2392 688 2454; x_wconf 81' lang='lat' dir='ltr'>&#39;lullo</span> <span class='ocrx_word' id='word_1_194' title='bbox 702 2413 748 2453; x_wconf 87' lang='lat' dir='ltr'>res</span> <span class='ocrx_word' id='word_1_195' title='bbox 763 2394 860 2454; x_wconf 90' lang='lat' dir='ltr'>omnis</span> <span class='ocrx_word' id='word_1_196' title='bbox 874 2393 1001 2454; x_wconf 89' lang='lat' dir='ltr'>Albana</span> <span class='ocrx_word' id='word_1_197' title='bbox 1021 2412 1091 2453; x_wconf 94' lang='lat' dir='ltr'>cum</span> 
     </span>
     <span class='ocr_line' id='line_1_28' title="bbox 192 2472 1092 2552; baseline 0.001 -20"><span class='ocrx_word' id='word_1_198' title='bbox 192 2472 319 2534; x_wconf 87' lang='lat' dir='ltr'>coloniis</span> <span class='ocrx_word' id='word_1_199' title='bbox 332 2473 393 2534; x_wconf 91' lang='lat' dir='ltr'>suis</span> <span class='ocrx_word' id='word_1_200' title='bbox 403 2473 435 2533; x_wconf 93' lang='lat' dir='ltr'>in</span> <span class='ocrx_word' id='word_1_201' title='bbox 446 2473 621 2534; x_wconf 90' lang='lat' dir='ltr'>Romanum</span> <span class='ocrx_word' id='word_1_202' title='bbox 632 2474 754 2534; x_wconf 87' lang='lat' dir='ltr'>cessarit</span> <span class='ocrx_word' id='word_1_203' title='bbox 764 2473 944 2552; x_wconf 88' lang='lat' dir='ltr'>imperium;</span> <span class='ocrx_word' id='word_1_204' title='bbox 958 2482 1092 2533; x_wconf 91' lang='lat' dir='ltr'>ceterum</span> 
     </span>
     <span class='ocr_line' id='line_1_29' title="bbox 191 2552 1092 2632; baseline 0 -20"><span class='ocrx_word' id='word_1_205' title='bbox 191 2572 224 2612; x_wconf 88' lang='lat' dir='ltr'>se</span> <span class='ocrx_word' id='word_1_206' title='bbox 247 2552 392 2614; x_wconf 88' lang='lat' dir='ltr'>utilitatis</span> <span class='ocrx_word' id='word_1_207' title='bbox 418 2553 480 2631; x_wconf 91' lang='lat' dir='ltr'>[id]</span> <span class='ocrx_word' id='word_1_208' title='bbox 506 2553 604 2632; x_wconf 85' lang='lat' dir='ltr'>magis</span> <span class='ocrx_word' id='word_1_209' title='bbox 628 2553 764 2614; x_wconf 93' lang='lat' dir='ltr'>omnium</span> <span class='ocrx_word' id='word_1_210' title='bbox 789 2572 881 2614; x_wconf 86' lang='lat' dir='ltr'>causa</span> <span class='ocrx_word' id='word_1_211' title='bbox 903 2573 1033 2626; x_wconf 89' lang='lat' dir='ltr'>censere,</span> <span class='ocrx_word' id='word_1_212' title='bbox 1056 2560 1092 2612; x_wconf 94' lang='lat' dir='ltr'>ut</span> 
     </span>
     <span class='ocr_line' id='line_1_30' title="bbox 192 2632 1092 2712; baseline 0 -20"><span class='ocrx_word' id='word_1_213' title='bbox 192 2642 356 2694; x_wconf 86' lang='lat' dir='ltr'>renovetur</span> <span class='ocrx_word' id='word_1_214' title='bbox 369 2632 402 2692; x_wconf 89' lang='lat' dir='ltr'>id</span> <span class='ocrx_word' id='word_1_215' title='bbox 416 2634 531 2707; x_wconf 80' lang='lat' dir='ltr'>ioedus,</span> <span class='ocrx_word' id='word_1_216' title='bbox 541 2633 733 2712; x_wconf 83' lang='lat' dir='ltr'>secundaque</span> <span class='ocrx_word' id='word_1_217' title='bbox 743 2633 844 2712; x_wconf 85' lang='lat' dir='ltr'>potius</span> <span class='ocrx_word' id='word_1_218' title='bbox 853 2632 976 2694; x_wconf 87' lang='lat' dir='ltr'>fortuna</span> <span class='ocrx_word' id='word_1_219' title='bbox 985 2632 1092 2712; x_wconf 91' lang='lat' dir='ltr'>populi</span> 
     </span>
     <span class='ocr_line' id='line_1_31' title="bbox 193 2711 1145 2793; baseline 0.005 -21"><span class='ocrx_word' id='word_1_220' title='bbox 193 2711 328 2772; x_wconf 86' lang='lat' dir='ltr'>Romani</span> <span class='ocrx_word' id='word_1_221' title='bbox 342 2721 379 2774; x_wconf 90' lang='lat' dir='ltr'>ut</span> <span class='ocrx_word' id='word_1_222' title='bbox 390 2713 553 2792; x_wconf 86' lang='lat' dir='ltr'>participes</span> <span class='ocrx_word' id='word_1_223' title='bbox 567 2713 673 2774; x_wconf 86' lang='lat' dir='ltr'>Latini</span> <span class='ocrx_word' id='word_1_224' title='bbox 688 2714 839 2787; x_wconf 86' lang='lat' dir='ltr'>fruantur,</span> <span class='ocrx_word' id='word_1_225' title='bbox 854 2733 947 2793; x_wconf 92' lang='lat' dir='ltr'>quam</span> <span class='ocrx_word' id='word_1_226' title='bbox 968 2712 1092 2772; x_wconf 89' lang='lat' dir='ltr'>urbium</span> <span class='ocrx_word' id='word_1_227' title='bbox 1106 2714 1145 2776; x_wconf 87' lang='lat'>30</span> 
     </span>
     <span class='ocr_line' id='line_1_32' title="bbox 193 2792 1091 2873; baseline 0 -21"><span class='ocrx_word' id='word_1_228' title='bbox 193 2793 317 2852; x_wconf 87' lang='lat' dir='ltr'>excidia</span> <span class='ocrx_word' id='word_1_229' title='bbox 339 2794 583 2873; x_wconf 87' lang='lat' dir='ltr'>vastationesque</span> <span class='ocrx_word' id='word_1_230' title='bbox 609 2813 762 2872; x_wconf 85' lang='lat' dir='ltr'>agrorum,</span> <span class='ocrx_word' id='word_1_231' title='bbox 784 2813 860 2872; x_wconf 85' lang='lat' dir='ltr'>quas</span> <span class='ocrx_word' id='word_1_232' title='bbox 881 2792 970 2854; x_wconf 89' lang='lat' dir='ltr'>Anco</span> <span class='ocrx_word' id='word_1_233' title='bbox 997 2793 1091 2871; x_wconf 88' lang='lat' dir='ltr'>prius,</span> 
     </span>
     <span class='ocr_line' id='line_1_33' title="bbox 192 2872 1093 2953; baseline 0.001 -22"><span class='ocrx_word' id='word_1_234' title='bbox 192 2882 281 2950; x_wconf 89' lang='lat' dir='ltr'>patre</span> <span class='ocrx_word' id='word_1_235' title='bbox 300 2872 411 2932; x_wconf 89' lang='lat' dir='ltr'>deinde</span> <span class='ocrx_word' id='word_1_236' title='bbox 430 2893 485 2933; x_wconf 92' lang='lat' dir='ltr'>suo</span> <span class='ocrx_word' id='word_1_237' title='bbox 505 2881 652 2952; x_wconf 83' lang='lat' dir='ltr'>regnante</span> <span class='ocrx_word' id='word_1_238' title='bbox 670 2873 802 2952; x_wconf 75' lang='lat' dir='ltr'>perpessi</span> <span class='ocrx_word' id='word_1_239' title='bbox 822 2873 893 2946; x_wconf 91' lang='lat' dir='ltr'>sint,</span> <span class='ocrx_word' id='word_1_240' title='bbox 907 2893 1024 2953; x_wconf 90' lang='lat' dir='ltr'>semper</span> <span class='ocrx_word' id='word_1_241' title='bbox 1037 2880 1093 2933; x_wconf 87' lang='lat' dir='ltr'>aut</span> 
     </span>
     <span class='ocr_line' id='line_1_34' title="bbox 193 2952 625 3031; baseline 0 -19"><span class='ocrx_word' id='word_1_242' title='bbox 193 2960 369 3030; x_wconf 81' lang='lat' dir='ltr'>exspectent</span> <span class='ocrx_word' id='word_1_243' title='bbox 382 2962 437 3013; x_wconf 87' lang='lat' dir='ltr'>aut</span> <span class='ocrx_word' id='word_1_244' title='bbox 450 2952 625 3031; x_wconf 70' lang='lat' dir='ltr'>patiantur!</span> 
     </span>
    </p>

    <p class='ocr_par' dir='ltr' id='par_1_5' title="bbox 194 3031 1146 3424">
     <span class='ocr_line' id='line_1_35' title="bbox 234 3031 1092 3112; baseline 0.001 -22"><span class='ocrx_word' id='word_1_245' title='bbox 234 3031 324 3091; x_wconf 94' lang='lat' dir='ltr'>Haut</span> <span class='ocrx_word' id='word_1_246' title='bbox 337 3031 502 3093; x_wconf 85' lang='lat' dir='ltr'>difficulter</span> <span class='ocrx_word' id='word_1_247' title='bbox 514 3052 691 3111; x_wconf 87' lang='lat' dir='ltr'>persuasum</span> <span class='ocrx_word' id='word_1_248' title='bbox 705 3032 835 3105; x_wconf 86' lang='lat' dir='ltr'>Latinis,</span> <span class='ocrx_word' id='word_1_249' title='bbox 850 3052 1036 3112; x_wconf 89' lang='lat' dir='ltr'>quamquam</span> <span class='ocrx_word' id='word_1_250' title='bbox 1058 3031 1092 3091; x_wconf 89' lang='lat' dir='ltr'>in</span> 
     </span>
     <span class='ocr_line' id='line_1_36' title="bbox 194 3110 1146 3190; baseline 0.003 -21"><span class='ocrx_word' id='word_1_251' title='bbox 194 3130 229 3170; x_wconf 87' lang='lat' dir='ltr'>eo</span> <span class='ocrx_word' id='word_1_252' title='bbox 256 3110 377 3172; x_wconf 87' lang='lat' dir='ltr'>foedere</span> <span class='ocrx_word' id='word_1_253' title='bbox 403 3112 540 3190; x_wconf 88' lang='lat' dir='ltr'>superior</span> <span class='ocrx_word' id='word_1_254' title='bbox 567 3112 708 3172; x_wconf 88' lang='lat' dir='ltr'>Romana</span> <span class='ocrx_word' id='word_1_255' title='bbox 730 3131 778 3172; x_wconf 87' lang='lat' dir='ltr'>res</span> <span class='ocrx_word' id='word_1_256' title='bbox 799 3122 883 3184; x_wconf 91' lang='lat' dir='ltr'>erat;</span> <span class='ocrx_word' id='word_1_257' title='bbox 905 3123 1039 3173; x_wconf 90' lang='lat' dir='ltr'>ceterum</span> <span class='ocrx_word' id='word_1_258' title='bbox 1061 3121 1093 3172; x_wconf 92' lang='lat' dir='ltr'>et</span> <span class='ocrx_word' id='word_1_259' title='bbox 1106 3113 1146 3173; x_wconf 81' lang='lat'>35</span> 
     </span>
     <span class='ocr_line' id='line_1_37' title="bbox 195 3190 1093 3270; baseline 0 -20"><span class='ocrx_word' id='word_1_260' title='bbox 195 3191 298 3269; x_wconf 89' lang='lat' dir='ltr'>capita</span> <span class='ocrx_word' id='word_1_261' title='bbox 309 3191 441 3252; x_wconf 91' lang='lat' dir='ltr'>nominis</span> <span class='ocrx_word' id='word_1_262' title='bbox 454 3190 562 3252; x_wconf 91' lang='lat' dir='ltr'>Latini</span> <span class='ocrx_word' id='word_1_263' title='bbox 574 3201 655 3252; x_wconf 88' lang='lat' dir='ltr'>stare</span> <span class='ocrx_word' id='word_1_264' title='bbox 668 3212 705 3252; x_wconf 89' lang='lat' dir='ltr'>ac</span> <span class='ocrx_word' id='word_1_265' title='bbox 718 3192 830 3253; x_wconf 90' lang='lat' dir='ltr'>sentire</span> <span class='ocrx_word' id='word_1_266' title='bbox 844 3212 913 3251; x_wconf 89' lang='lat' dir='ltr'>cum</span> <span class='ocrx_word' id='word_1_267' title='bbox 928 3212 998 3270; x_wconf 88' lang='lat' dir='ltr'>rege</span> <span class='ocrx_word' id='word_1_268' title='bbox 1012 3190 1093 3253; x_wconf 85' lang='lat' dir='ltr'>vide·</span> 
     </span>
     <span class='ocr_line' id='line_1_38' title="bbox 195 3269 1094 3351; baseline -0.002 -21"><span class='ocrx_word' id='word_1_269' title='bbox 195 3269 278 3342; x_wconf 91' lang='lat' dir='ltr'>bant,</span> <span class='ocrx_word' id='word_1_270' title='bbox 299 3278 331 3330; x_wconf 89' lang='lat' dir='ltr'>et</span> <span class='ocrx_word' id='word_1_271' title='bbox 352 3270 474 3331; x_wconf 80' lang='lat' dir='ltr'>Turnus</span> <span class='ocrx_word' id='word_1_272' title='bbox 500 3271 548 3332; x_wconf 86' lang='lat' dir='ltr'>sui</span> <span class='ocrx_word' id='word_1_273' title='bbox 575 3273 685 3351; x_wconf 87' lang='lat' dir='ltr'>cuique</span> <span class='ocrx_word' id='word_1_274' title='bbox 712 3271 850 3350; x_wconf 86' lang='lat' dir='ltr'>periculi,</span> <span class='ocrx_word' id='word_1_275' title='bbox 869 3271 895 3330; x_wconf 87' lang='lat' dir='ltr'>si</span> <span class='ocrx_word' id='word_1_276' title='bbox 915 3271 1094 3330; x_wconf 86' lang='lat' dir='ltr'>adversatus</span> 
     </span>
     <span class='ocr_line' id='line_1_39' title="bbox 196 3348 1094 3424; baseline -0.007 -14"><span class='ocrx_word' id='word_1_277' title='bbox 196 3357 281 3424; x_wconf 74' lang='lat' dir='ltr'>asset,</span> <span class='ocrx_word' id='word_1_278' title='bbox 294 3369 397 3412; x_wconf 87' lang='lat' dir='ltr'>recens</span> <span class='ocrx_word' id='word_1_279' title='bbox 410 3359 477 3412; x_wconf 87' lang='lat' dir='ltr'>erat</span> <span class='ocrx_word' id='word_1_280' title='bbox 490 3350 716 3412; x_wconf 89' lang='lat' dir='ltr'>documentum.</span> <span class='ocrx_word' id='word_1_281' title='bbox 758 3349 809 3410; x_wconf 86' lang='lat' dir='ltr'>Ita</span> <span class='ocrx_word' id='word_1_282' title='bbox 831 3357 1012 3410; x_wconf 85' lang='lat' dir='ltr'>renovatum</span> <span class='ocrx_word' id='word_1_283' title='bbox 1034 3348 1094 3405; x_wconf 82' lang='lat' dir='ltr'>fce-</span> 
     </span>
    </p>
   </div>
   <div class='ocr_carea' id='block_1_3' title="bbox 0 0 1301 3790">
    <p class='ocr_par' dir='ltr' id='par_1_6' title="bbox 0 0 1301 3790">
     <span class='ocr_line' id='line_1_40' title="bbox 0 0 1301 3790; baseline 0 0"><span class='ocrx_word' id='word_1_284' title='bbox 0 0 1301 3790; x_wconf 95' lang='lat' dir='ltr'> </span> 
     </span>
    </p>
   </div>
  </div>
 </body>
</html>
