2616 3790
428 260 562 308 arana
587 261 680 328 xxr,
707 244 837 312 50-52.
1070 248 1135 314 129

178 417 268 491 filius,
285 415 455 496 praefectus
468 417 622 496 praesidii,
637 439 708 479 cum
724 419 818 499 paulo
839 420 941 483 minus
963 419 1082 484 duobus

178 498 302 558 milibus
327 496 462 556 militum
487 498 694 578 oppidumque
718 519 788 560 cum
812 501 915 562 insula
938 502 1081 564 traditur.

178 578 255 639 Inde
269 587 338 657 post
350 597 464 655 paucos
477 578 542 638 dies
556 578 687 640 reditum
702 579 895 660 Lilybaeum,
907 583 1083 663 captivique

178 667 209 720 et
222 679 242 719 a
255 656 380 718 consule
393 665 425 717 et
438 677 457 718 a
472 667 617 734 praetore,
632 668 753 738 praeter
766 661 899 740 insignes
920 662 1082 724 nobilitate

178 740 268 812 viros,
282 737 339 798 sub
354 757 466 798 corona
480 738 649 800 venierunt.
692 738 765 801 Post
786 761 858 800 uam
878 741 919 802 ab
939 762 975 802 ea
1017 753 1082 804 arte
1116 743 1137 806 5

178 819 251 880 satis
265 827 365 879 tutam
380 816 517 878 Siciliam
533 818 674 880 censebat
688 761 803 895 consid,
818 820 859 881 ad
873 821 990 883 insulas
1037 822 1082 883 ul·

179 899 258 973 cani,
272 899 346 979 quia
359 897 443 958 fama
459 906 526 959 erat
545 907 626 959 stare
642 899 687 959 ibi
709 898 858 961 Punicam
873 901 1008 976 classem,
1021 912 1082 964 tra·

181 979 273 1060 jecit;
294 998 350 1040 nec
364 979 525 1058 quisquam
539 979 672 1041 hostium
687 980 769 1041 circa
783 1001 833 1041 eas
847 981 962 1044 insulas
976 984 1081 1044 inven-

179 1069 251 1132 tust
266 1079 340 1119 nam
361 1060 438 1120 forte
459 1060 689 1120 transmiserant
709 1061 750 1121 ad
766 1062 949 1124 vastandam
970 1062 1082 1124 Italiae

180 1161 274 1212 oram,
295 1138 540 1219 depopulatoque
554 1139 735 1202 Viboniensi
756 1162 839 1221 agro,
861 1142 967 1203 urbem
988 1143 1136 1207 etiam10

179 1219 344 1280 terrebant.
386 1219 548 1298 Repetenti
562 1219 699 1281 Siciliam
713 1222 830 1283 consuli
845 1223 999 1284 exscensio
1016 1223 1082 1284 hos·

180 1301 257 1362 tium
280 1299 314 1359 in
335 1320 445 1380 agrum
464 1298 682 1362 Viboniensem
704 1300 787 1363 facta
808 1303 978 1376 nuntiatur,
1001 1303 1081 1364 litte

179 1400 292 1460 raeque
312 1379 352 1440 ab
372 1388 480 1441 senatu
496 1379 535 1441 de
552 1381 684 1442 transitu
697 1381 729 1440 in
743 1381 870 1442 Italiam
884 1382 1081 1457 Hannibalis,

180 1471 210 1522 et
223 1472 260 1522 ut
274 1461 373 1540 primo
386 1480 505 1540 quoque
515 1469 650 1540 tempore
660 1461 804 1541 conlegae
814 1462 907 1522 ferret
920 1462 1082 1536 auxilium,

180 1542 290 1602 missae
302 1540 476 1602 traduntur.
518 1539 627 1602 Multis
648 1541 740 1602 simul
761 1543 873 1602 anxius
895 1541 977 1602 curis
998 1543 1136 1606 exer-15

181 1623 277 1683 citum
295 1620 450 1701 extemplo
470 1621 503 1681 in
523 1641 616 1683 naves
633 1621 797 1701 inpositum
813 1620 989 1682 Ariminum
1003 1623 1083 1682 mari

180 1723 289 1782 supero
315 1702 407 1775 misit,
431 1701 525 1763 Sexto
553 1701 721 1781 Pomponio
749 1701 851 1781 legato
876 1721 944 1763 cum
968 1703 1082 1782 viginti

180 1783 317 1862 quinque
335 1782 435 1862 longis
454 1781 586 1844 navibus
599 1780 819 1843 Viboniensem
839 1801 947 1862 agrum
967 1784 1083 1845 mariti·

180 1883 323 1942 mamque
336 1883 420 1923 oram
436 1862 547 1923 Italiae
560 1861 707 1924 tuendam
720 1861 880 1936 adtribuit,
890 1862 934 1924 M.
945 1862 1082 1925 Aemilio

203 1943 314 2004 raetori
348 1943 572 2023 quinquaginta
606 1942 734 2004 navium
772 1942 898 2004 classem
935 1943 1080 2022 explevit
1096 1945 1137 2008 20

180 1963 260 2104 lpse,
277 2022 439 2102 conpositis
460 2021 583 2084 Siciliae
603 2021 702 2097 rebus,
723 2022 826 2083 decem
847 2022 977 2085 navibus
998 2043 1081 2085 oram

180 2101 294 2164 Italiae
312 2102 415 2182 legens
428 2102 605 2163 Ariminum
619 2103 767 2182 pervenit.
809 2101 886 2163 Inde
907 2123 976 2163 cum
997 2123 1082 2164 exer·

180 2185 245 2245 citu
265 2204 321 2244 suo
340 2183 492 2263 profectus
512 2184 553 2245 ad
572 2182 715 2245 Trebiam
729 2183 842 2244 flumen
857 2182 1001 2263 conlegae
1013 2204 1082 2244 con·
1199 2247 1204 2256 ,

187 2265 239 2325 'un
263 2264 334 2325 'tun

181 2287 194 2346 J
222 2285 296 2405 LgIlI.
338 2343 412 2407 Jam
432 2343 522 2406 ambo
542 2344 679 2406 consules
703 2353 734 2406 et
757 2343 906 2424 quidquid
931 2343 1082 2405 Romana-
1096 2345 1136 2406 25

180 2446 251 2486 rum
278 2425 393 2487 virium
420 2435 494 2499 erat,
523 2425 697 2486 Hannibali
731 2424 911 2504 oppositum,
939 2433 994 2484 aut
1020 2424 1082 2484 illis

181 2505 278 2585 copiis
298 2505 421 2566 defendi
441 2525 527 2584 posse
547 2505 722 2566 Romanum
743 2504 905 2584 imperium
925 2514 979 2565 aut
999 2525 1082 2583 spem

180 2585 302 2646 nullam
323 2585 415 2645 aliam
436 2605 497 2646 esse
517 2586 590 2646 satis
610 2584 797 2646 declarabat.
838 2583 955 2644 Tamen
977 2584 1082 2645 consul

179 2666 268 2739 alter,
289 2664 420 2744 equestri
446 2664 560 2743 proelio
588 2683 649 2723 uno
676 2671 707 2723 et
727 2663 853 2724 vulnere
879 2681 933 2721 suo
958 2662 1092 2722 admrmi·

179 2754 238 2819 tus,
256 2745 339 2804 trahi
366 2765 429 2804 rem
450 2741 600 2815 malebat;
634 2742 762 2802 recentis
782 2741 877 2800 animi
897 2740 976 2801 alter
996 2761 1090 2821 ecque
1103 2742 1141 2802 30

181 2824 314 2885 ferocior
334 2821 453 2882 nullam
473 2821 652 2882 dilationem
672 2820 855 2900 patiebatur.
897 2817 989 2896 Quod
1004 2820 1085 2879 inter

182 2903 327 2965 Trebiam
346 2902 526 2982 Padumque
547 2901 614 2981 agri
637 2910 682 2962 est
703 2899 790 2962 Galli
811 2908 877 2960 tum
899 2898 1084 2971 incolebant,

181 2985 216 3044 in
229 2983 360 3044 duorum
375 2982 619 3062 praepotentium
640 2981 822 3061 populorum
843 2979 1010 3040 certamine
1029 2998 1085 3058 per

181 3064 361 3143 ambiguum
375 3062 511 3124 favorem
525 3061 601 3122 baut
615 3061 708 3122 dubie
720 3061 851 3140 gratiam
864 3059 990 3122 victoris
1003 3079 1084 3139 spec·

181 3153 291 3204 tantos.
334 3142 373 3204 Id
387 3142 529 3215 Romani,
544 3141 633 3202 modo
654 3161 693 3202 ne
713 3141 787 3220 quid
807 3149 973 3212 moverent,
987 3158 1084 3219 aequo
1098 3137 1137 3200 35

182 3225 265 3298 satis,
280 3222 401 3284 Poenus
420 3223 580 3301 periniquo
601 3221 703 3282 animo
724 3220 848 3294 ferebat,
863 3219 903 3281 ab
918 3217 1019 3280 Gallis
1035 3238 1084 3278 ac·

182 3303 279 3364 citum
308 3323 340 3364 se
363 3303 480 3364 venisse
504 3303 543 3361 ad
569 3300 742 3360 liberandos
766 3320 815 3360 eos
840 3299 993 3359 dictitans.
1034 3297 1084 3376 Ob

183 3402 250 3442 eam
266 3383 354 3456 iram,
368 3381 459 3442 simul
474 3390 509 3441 ut
523 3380 638 3460 praeda
656 3379 785 3439 militem
805 3377 909 3447 aleret,
923 3376 984 3434 duo
997 3373 1085 3432 milia

183 3462 323 3591 pedilupi
337 3461 467 3590 crimme
480 3461 605 3540 equites,
620 3457 772 3518 Numidas
790 3456 958 3534 plerosque,
972 3451 1085 3509 mixtos

309 3567 343 3579 -
372 3555 427 3606 try.
