2628 3796
485 233 621 283 msera
648 232 755 301 xnv,
778 213 870 281 7-a.
1099 214 1164 282 223

201 411 306 454 versus
332 411 402 452 eum
429 391 587 466 coluimus,
613 389 806 464 meminisses,
832 387 909 470 quod
928 386 991 468 suit
1018 387 1112 450 consi-

201 471 289 546 lium,
316 491 444 552 quorum
472 482 503 532 et
529 473 593 534 vim
620 473 655 532 ia
682 470 762 532 bello
789 479 820 531 et
845 470 935 530 fidem
970 469 1003 529 in
1036 489 1112 550 pace

202 560 345 631 expertus
365 571 450 626 esser,
464 573 534 612 cum
555 553 581 612 is
602 551 658 612 tibi
679 551 794 612 bellum
815 569 876 610 ease
899 569 991 629 quam
1005 569 1111 630 pacem

201 630 340 692 malle?''
380 631 447 692 Nec
475 632 676 711 interrogatus
703 651 759 691 nec
783 638 940 690 accusatus
971 651 1041 691 cum
1068 651 1112 692 re-

202 711 379 790 sponderet:
406 715 599 790 “utcumque
619 720 721 772 tamen
743 710 826 782 haec,
846 709 910 771 sive
931 729 1030 771 errore
1056 710 1112 771 hu-

201 810 291 850 mano
318 810 369 851 seu
397 810 468 851 casu
495 810 548 850 seu
575 790 761 863 necessitate,
788 788 970 863 inciderunt,
997 789 1110 850 bonum

200 869 338 930 animum
371 869 467 944 habe;
507 868 674 930 multorum
716 888 822 948 regum
863 875 889 928 et
928 869 1111 950 populorum

206 947 325 1010 casibus
339 947 460 1029 cognita
480 948 586 1029 populi
607 947 741 1010 Romani
761 947 923 1009 clementia
942 967 1004 1010 non
1024 949 1114 1010 modo

205 1048 219 1089 s
259 1049 290 1088 m
301 1028 367 1102 tibi,
378 1028 431 1089 sed
445 1049 538 1109 prope
550 1037 664 1089 certam
680 1027 824 1087 fiduciam
839 1026 947 1088 salutis
961 1027 1113 1107 praebct”

260 1128 294 1169 ec
317 1107 435 1170 Graeco
462 1129 599 1170 sermone
627 1108 748 1180 Persei;
776 1106 889 1168 Latine
916 1107 1026 1170 deinde
1051 1109 1166 1172 suis10

204 1187 407 1269 “exemplum
419 1189 538 1269 insigne
551 1189 674 1250 cernitis
683 1187 701 1215 ”
722 1187 825 1266 inquit
846 1187 1049 1250 “mutationis
1068 1210 1113 1250 rc·

203 1289 274 1330 rum
287 1269 501 1330 humanarum.
536 1269 635 1332 Vobis
645 1269 703 1330 hoc
715 1268 877 1348 praecipue
888 1267 966 1342 dico,
974 1268 1111 1348 juvenes.

203 1347 279 1410 Ideo
292 1349 325 1409 in
339 1350 478 1411 secundis
492 1350 582 1414 rebus
595 1349 674 1410 nihil
690 1349 722 1409 in
737 1356 921 1428 quemquam
934 1347 1113 1427 superbene

203 1429 354 1491 violenter
367 1431 523 1492 consulere
536 1430 631 1503 decet,
646 1450 701 1492 nec
717 1428 869 1508 praesenti
884 1427 1005 1489 credere
1018 1427 1112 1489 fortu-

202 1529 269 1584 nae,
285 1530 364 1584 cum,
379 1510 454 1590 quid
467 1509 674 1590 resperserat,
689 1510 839 1570 incertum
853 1507 901 1570 sit
943 1507 975 1568 Is
989 1508 1111 1570 demum
1126 1509 1165 1572 15

202 1589 252 1653 vir
272 1591 339 1664 erit,
354 1591 440 1671 eujus
460 1593 598 1652 animum
617 1611 716 1697 nepae
729 1609 873 1670 prospera
887 1587 963 1648 flatu
976 1608 1031 1650 suo
1045 1589 1112 1650 effe-

202 1678 272 1730 rent
282 1690 337 1731 nec
349 1671 476 1733 adversa
487 1671 683 1752 infringent'
726 1669 860 1732 Consilio
871 1668 994 1730 dimisso
1004 1669 1112 1730 tuendi

203 1769 278 1810 cura
297 1751 376 1830 regis
390 1751 428 1828 Q.
443 1750 535 1812 Aelio
556 1751 730 1814 mandatur.
773 1749 821 1811 Eo
842 1749 892 1812 die
912 1758 943 1810 et
963 1749 1111 1812 invitatus

201 1829 242 1890 ad
263 1831 417 1892 consulem
432 1831 567 1906 Perseus,
582 1840 613 1894 et
627 1832 708 1894 alius
722 1831 820 1893 omnis
835 1830 863 1892 ei
877 1829 972 1891 honos
986 1829 1109 1892 habitus

202 1919 257 1983 ert,
292 1911 324 1970 ui
338 1911 445 1972 haberi
459 1911 492 1972 in
505 1912 562 1973 tali
576 1912 700 1974 fortuna
713 1919 841 1992 poterat
1124 1909 1164 1972 20

242 1989 260 2049 Ι
345 1991 408 2052 Hic
422 1991 490 2052 finis
505 1991 587 2066 belli,
600 2013 669 2054 cum
681 1991 915 2072 quadriennium
931 1990 1111 2052 continuum

202 2067 350 2131 bellatum
362 2080 445 2145 esset,
457 2073 536 2132 inter
549 2073 704 2134 &manos
718 2093 754 2133 ac
768 2072 879 2134 Persea
889 2072 958 2146 fuit,
970 2072 1111 2150 idemque

201 2149 270 2211 finis
297 2150 406 2231 inclyti
433 2172 486 2232 per
515 2152 658 2233 Europae
684 2152 864 2233 plerumque
888 2161 981 2232 atque
1001 2150 1110 2212 Asiam

202 2250 323 2290 omnem
343 2251 375 2292 re
396 2231 437 2293 ni.
479 2232 690 2295 Vicensimum
710 2231 750 2294 ab
772 2232 901 2306 Carano,
939 2231 973 2292 ui
993 2231 1110 2310 primus

201 2310 359 2389 regnabat,
411 2331 495 2374 ersea
519 2313 731 2375 numerabant.
773 2313 901 2374 Perseus
957 2357 965 2372 .
987 2310 1110 2386 Fulvio,
1124 2308 1164 2370 25

197 2392 234 2453 L.
256 2391 373 2452 Manlio
394 2391 568 2453 consulibus
589 2412 716 2473 regnum
731 2393 866 2472 accepit;
888 2413 907 2454 a
926 2401 1032 2454 senatu
1052 2413 1108 2454 rex

197 2482 242 2532 ert
261 2470 440 2565 appellatus·
458 2471 504 2533 M.
524 2470 629 2547 Junio,
645 2473 685 2534 A.
709 2471 827 2534 Manlio
847 2472 1038 2546 consulibus;
1065 2493 1109 2534 re

196 2551 631 2713 addubitatum
647 2552 1111 2715 lllllllmniilalbllll

201 2707 279 2782 fuit3
293 2710 365 2772 inde
375 2732 411 2774 ac
425 2733 480 2793 per
493 2734 563 2775 eum
576 2735 709 2776 crescere
720 2735 789 2776 cum
801 2712 955 2793 coepisset,
967 2711 1111 2790 Europae
1125 2707 1165 2770 30

202 2796 346 2851 setamen
355 2791 467 2854 finibus
477 2795 637 2869 continuit,
647 2794 810 2856 Graeciam
821 2811 940 2855 omnem
951 2800 983 2853 et
992 2799 1111 2870 partem

202 2866 349 2931 Threciae
363 2873 462 2953 adque
475 2874 597 2955 Illyrici
611 2874 764 2955 amplexa.
805 2873 848 2934 Su
888 2871 986 2932 rfudit
1000 2870 1111 2932 deinde

201 2966 234 3008 sc
257 2948 290 3010 in
313 2949 431 3027 Asiam,
455 2963 486 3016 et
508 2955 654 3016 tredecim
675 2955 773 3028 annin,
797 2954 850 3033 qui
872 2972 907 3013 us
930 2950 1111 3028 Alexander

202 3031 353 3110 regnavit,
377 3036 511 3114 primum
534 3035 644 3108 omnia,
666 3054 728 3115 qua
751 3032 913 3094 Persarum
938 3051 1031 3111 prope
1055 3031 1110 3089 im-

202 3130 306 3172 menso
333 3116 433 3194 spatio
460 3116 621 3196 imperium
648 3114 758 3188 fuerat,
780 3132 852 3174 suae
876 3110 1004 3173 dicionis
1028 3110 1108 3170 fecit.
1124 3107 1163 3168 35

202 3190 326 3256 Arabas
339 3195 413 3256 hinc
430 3195 620 3276 Indiamque,
635 3215 697 3274 qua
717 3203 867 3255 terrarum
889 3191 1021 3252 ultumos
1041 3189 1110 3250 finis

202 3271 346 3335 Rubrum
362 3296 447 3338 mare
467 3275 671 3355 amplectitur,
687 3273 870 3354 peragravit.
912 3270 991 3331 Tum
1012 3268 1109 3328 maxi·

201 3373 288 3416 mum
308 3355 341 3417 in
361 3355 450 3418 terris
471 3355 675 3416 Macedonum
689 3373 816 3431 regnum
830 3367 1016 3426 nomenque;
1037 3345 1110 3404 inde

201 3449 300 3498 morte
316 3435 491 3499 Alexandri
512 3435 691 3496 distractum
724 3434 759 3493 ia
799 3429 898 3490 multa
915 3444 1021 3504 regna,
1034 3423 1109 3482 dum
