2572 3790
480 249 664 315 n1ann1,
693 231 823 296 53-54.
1103 231 1147 300 ts

194 408 243 483 sit,
263 415 493 488 pererraturum
512 426 544 466 se
564 425 653 467 omne
672 405 808 478 Latium,
822 404 1010 486 Volscosque
1032 405 1092 484 [se]

195 489 265 550 inde
279 498 310 549 et
324 487 449 566 Aequos
469 496 499 548 et
520 487 670 546 Hernicos
690 485 866 564 petiturum,
881 486 976 547 donec
989 486 1030 547 ad
1043 506 1093 547 eos

194 568 363 650 perveniat,
378 567 432 646 qui
446 587 465 626 a
479 578 601 646 patrum
615 565 791 626 crudelibus
804 575 896 646 atque
909 566 1011 645 impiis
1025 586 1095 646 sup·

194 648 294 729 pliciis
307 658 411 728 tegere
424 646 536 708 liberos
551 646 659 706 sciant
701 645 843 707 Forsitan
864 647 956 707 etiam
976 645 1095 708 ardoris

195 729 313 808 aliquid
338 728 379 788 ad
407 726 522 788 bellum
549 745 695 804 armaque
718 745 753 802 se
774 725 919 788 adversus
945 726 1094 806 superbis·
1127 725 1148 788 5

194 809 305 870 simum
332 827 437 888 regem
463 827 500 867 ac
526 805 745 866 ferocissimum
776 805 926 886 populum
956 807 1094 869 inventu·

195 889 281 949 rum!

234 968 322 1042 (tum,
336 968 363 1029 si
380 966 460 1028 nihil
477 976 678 1040 morarentur,
691 963 827 1027 infensus
847 967 894 1027 ira
913 987 1002 1048 porro
1023 966 1094 1028 inde

195 1049 334 1110 abiturus
361 1048 524 1122 videretur,
550 1047 680 1125 benigne
706 1045 746 1106 ab
774 1044 905 1108 Gabinis
932 1047 1093 1126 excipitur.

195 1129 312 1191 Vetant
335 1128 449 1201 mirari,
468 1128 504 1202 si,
524 1126 624 1207 qualis
647 1126 681 1186 in
705 1125 794 1199 cives,
815 1126 915 1206 qualis
935 1126 969 1188 in
989 1127 1093 1200 socios,
1108 1124 1148 1188 10

195 1208 265 1270 talis
286 1208 326 1269 ad
347 1208 489 1270 ultimum
511 1207 543 1268 in
565 1207 675 1268 liberos
695 1215 789 1279 esset3
810 1207 843 1266 in
861 1227 892 1267 se
909 1207 1008 1286 ipsum
1028 1227 1094 1286 pos·

195 1297 291 1350 tremo
310 1289 507 1362 saeviturum,
526 1289 552 1349 si
566 1288 629 1349 alia
649 1286 757 1348 desint
797 1285 864 1347 Sibi
878 1307 951 1349 vero
970 1301 1093 1367 gratum

195 1369 362 1431 adventum
385 1369 450 1449 ejus
473 1388 544 1442 esse,
566 1368 765 1446 futurumque
786 1367 908 1429 credere
931 1367 1026 1441 brevi,
1049 1376 1093 1440 ut,

195 1449 248 1508 illo
269 1449 443 1529 adjuvante,
457 1470 477 1509 a
490 1449 585 1529 portis
599 1448 729 1511 Gabinis
742 1447 799 1509 sub
814 1447 956 1509 Romana
974 1449 1095 1510 moenia

194 1529 310 1590 bellurn
324 1530 533 1590 transferatur.
1109 1527 1147 1589 15

234 1609 321 1671 LIV.
362 1608 440 1670 Inde
466 1610 499 1669 in
527 1609 654 1670 consilia
681 1609 807 1688 publica
834 1609 982 1670 adhiberi.
1029 1609 1094 1672 Ubi

195 1709 263 1749 cum
289 1689 327 1751 de
350 1688 419 1750 aliis
444 1689 533 1751 rebus
557 1689 708 1751 adsentire
732 1710 763 1751 se
787 1690 940 1752 veteribus
964 1688 1093 1752 Gabinis

194 1769 316 1842 diceret,
339 1769 450 1848 quibus
473 1790 527 1830 eae
551 1771 682 1831 notiores
706 1780 812 1844 essent,
838 1771 901 1850 ipse
926 1771 1092 1834 identidem

193 1847 267 1909 belli
281 1860 389 1910 auctor
402 1870 463 1910 esse
476 1859 507 1911 et
520 1850 551 1910 in
566 1870 601 1911 eo
614 1850 672 1911 sibi
687 1852 882 1930 praecipuam
897 1852 1093 1931 prudentiam

192 1929 360 2002 adsumere,
375 1931 455 2009 quod
476 1931 633 2010 utriusque
654 1931 759 2010 populi
774 1932 854 1993 vires
873 1942 980 2005 nosset,
990 1935 1092 1994 sciret
1107 1931 1147 1992 20

192 2029 252 2087 que
276 2009 405 2070 invisam
420 2011 555 2089 profecto
571 2011 745 2090 superbiam
759 2013 873 2092 regiam
889 2013 1007 2075 civibus
1020 2033 1092 2086 esse,

192 2109 285 2167 quam
310 2089 388 2150 ferre
411 2110 449 2150 ne
473 2090 562 2151 liberi
584 2091 708 2170 quidem
729 2094 906 2171 potuissent
948 2092 999 2154 Ita
1022 2113 1092 2154 cum

66 2230 81 2252 ‘
190 2169 303 2229 sensim
313 2169 352 2228 ad
364 2169 572 2230 rebellandum
584 2171 731 2250 primores
739 2171 928 2234 Gabinorum
941 2173 1091 2247 incitaret,

191 2249 257 2328 ipse
271 2269 339 2309 cum
354 2251 583 2329 promptissimis
592 2252 743 2330 juvenum
758 2253 938 2333 praedatum
953 2262 1045 2333 atque
1058 2255 1090 2313 in

191 2329 400 2407 expeditiones
414 2330 479 2403 iret,
493 2341 533 2400 et,
551 2331 640 2392 dictis
654 2333 803 2414 factisque
816 2334 955 2394 omnibus
975 2333 1015 2394 ad
1036 2334 1091 2394 fai-
1106 2331 1145 2394 25

191 2408 317 2469 lendum
345 2410 508 2482 instructis,
532 2431 613 2473 vana
641 2422 824 2474 accresceret
851 2413 934 2487 fides,
958 2414 1023 2473 dux
1051 2414 1092 2474 ad

191 2488 335 2550 ultimum
356 2489 427 2550 belli
449 2490 570 2570 legitur.
614 2491 663 2553 Ibi
683 2514 763 2567 cum,
777 2494 874 2554 inscia
894 2493 1092 2554 multitudine

192 2569 267 2648 quid
280 2579 429 2648 ageretur,
439 2571 555 2649 proelia
569 2592 666 2651 parva
680 2573 760 2634 inter
774 2573 904 2634 Romam
919 2572 1093 2653 Gabiosque

191 2649 306 2722 fierent,
321 2649 431 2728 quibus
446 2651 624 2731 plerumque
638 2652 762 2715 Gabina
782 2673 829 2714 res
849 2654 985 2733 superior
1005 2663 1090 2727 esset,

190 2738 256 2788 tum
272 2730 409 2790 certatim
424 2733 534 2792 summi
549 2732 707 2812 infimique
721 2733 911 2796 Gabinorum
933 2733 1003 2795 Sex.
1019 2733 1091 2795 Tar·
1106 2731 1145 2794 30

191 2808 331 2886 quinium
359 2809 438 2871 dono
466 2811 557 2871 deum
584 2812 644 2873 sibi
672 2814 796 2874 missum
824 2814 932 2874 ducem
960 2815 1090 2875 credere

192 2888 287 2966 Apud
323 2889 434 2950 milites
461 2911 534 2953 vero
567 2891 708 2953 obeundo
741 2893 878 2988 pericula
908 2913 945 2954 ac
971 2893 1091 2955 labores

191 2969 314 3046 pariter,
337 2970 483 3048 praedam
506 2971 648 3033 munifice
670 2972 838 3052 largiendo
855 2981 942 3033 tanta
963 2975 1092 3034 caritate

191 3068 262 3120 esse,
278 3058 311 3108 ut
326 3070 386 3109 non
401 3061 488 3130 pater
501 3051 685 3131 Tarquinius
699 3053 851 3132 potentior
865 3052 981 3113 Romae
997 3073 1091 3133 quarn

192 3127 271 3188 filius
286 3128 393 3190 Gabiis
407 3140 491 3192 esset.
1105 3130 1144 3191 35

232 3207 340 3288 Itaque
361 3220 522 3290 postquam
542 3211 615 3272 satis
627 3211 741 3273 virium
757 3211 918 3273 collectum
932 3211 972 3272 ad
986 3231 1089 3272 omnes

192 3303 318 3349 conatus
333 3290 466 3363 videbat,
481 3299 547 3353 tum
568 3310 607 3351 ex
627 3291 688 3350 suis
710 3310 805 3350 unum
824 3292 1010 3351 sciscitatum
1030 3291 1090 3350 Ro·

192 3387 272 3428 mam
300 3369 341 3430 ad
369 3379 486 3449 patrem
514 3370 619 3442 mittit,
640 3369 788 3449 quidnam
814 3390 845 3430 se
868 3371 969 3429 facere
986 3368 1089 3439 vellet,
