<?xml version="1.0" encoding="UTF-8"?>
<!DOCTYPE html PUBLIC "-//W3C//DTD XHTML 1.0 Transitional//EN"
    "http://www.w3.org/TR/xhtml1/DTD/xhtml1-transitional.dtd">
<html xmlns="http://www.w3.org/1999/xhtml" xml:lang="en" lang="en">
 <head>
  <title>
</title>
<meta http-equiv="Content-Type" content="text/html;charset=utf-8" />
  <meta name='ocr-system' content='tesseract 3.04.00' />
  <meta name='ocr-capabilities' content='ocr_page ocr_carea ocr_par ocr_line ocrx_word'/>
</head>
<body>
  <div class='ocr_page' id='page_1' title='image "./historieslivybo00chasgoog_0177.png"; bbox 0 0 2616 3790; ppageno 0'>
   <div class='ocr_carea' id='block_1_1' title="bbox 132 225 957 292">
    <p class='ocr_par' dir='ltr' id='par_1_1' title="bbox 132 225 957 292">
     <span class='ocr_line' id='line_1_1' title="bbox 132 225 957 292; baseline -0.005 -2"><span class='ocrx_word' id='word_1_1' title='bbox 132 225 197 292; x_wconf 82' lang='lat'><strong>170</strong></span> <span class='ocrx_word' id='word_1_2' title='bbox 299 242 511 292; x_wconf 80' lang='lat' dir='ltr'><strong>r1r1n1v1</strong></span> <span class='ocrx_word' id='word_1_3' title='bbox 538 241 594 291; x_wconf 77' lang='lat' dir='ltr'><strong>Aa</strong></span> <span class='ocrx_word' id='word_1_4' title='bbox 621 240 737 292; x_wconf 81' lang='lat' dir='ltr'><strong>vasa</strong></span> <span class='ocrx_word' id='word_1_5' title='bbox 766 237 957 288; x_wconf 78' lang='lat' dir='ltr'><strong>connrrn</strong></span> 
     </span>
    </p>
   </div>
   <div class='ocr_carea' id='block_1_2' title="bbox 128 385 1097 3278">
    <p class='ocr_par' dir='ltr' id='par_1_2' title="bbox 185 385 1097 638">
     <span class='ocr_line' id='line_1_2' title="bbox 185 385 1097 480; baseline -0.004 -20"><span class='ocrx_word' id='word_1_6' title='bbox 185 399 315 480; x_wconf 84' lang='lat' dir='ltr'><strong>captivis</strong></span> <span class='ocrx_word' id='word_1_7' title='bbox 329 419 415 460; x_wconf 91' lang='lat' dir='ltr'><strong>arma</strong></span> <span class='ocrx_word' id='word_1_8' title='bbox 428 398 579 477; x_wconf 90' lang='lat' dir='ltr'><strong>adempta.</strong></span> <span class='ocrx_word' id='word_1_9' title='bbox 620 393 767 470; x_wconf 87' lang='lat' dir='ltr'><strong>Tandem,</strong></span> <span class='ocrx_word' id='word_1_10' title='bbox 778 404 814 457; x_wconf 93' lang='lat' dir='ltr'><strong>ut</strong></span> <span class='ocrx_word' id='word_1_11' title='bbox 828 394 1002 458; x_wconf 71' lang='lat' dir='ltr'><strong>absceuerit</strong></span> <span class='ocrx_word' id='word_1_12' title='bbox 1015 385 1097 456; x_wconf 76' lang='lat' dir='ltr'><strong>inde&#39;</strong></span> 
     </span>
     <span class='ocr_line' id='line_1_3' title="bbox 185 476 1089 555; baseline -0.006 -15"><span class='ocrx_word' id='word_1_13' title='bbox 185 481 326 553; x_wconf 89' lang='lat' dir='ltr'><strong>dictator,</strong></span> <span class='ocrx_word' id='word_1_14' title='bbox 338 488 373 540; x_wconf 92' lang='lat' dir='ltr'><strong>ut</strong></span> <span class='ocrx_word' id='word_1_15' title='bbox 386 479 543 540; x_wconf 87' lang='lat' dir='ltr'>obsidione</span> <span class='ocrx_word' id='word_1_16' title='bbox 556 477 710 550; x_wconf 85' lang='lat' dir='ltr'><strong>liberatos,</strong></span> <span class='ocrx_word' id='word_1_17' title='bbox 721 485 810 538; x_wconf 86' lang='lat' dir='ltr'><strong>extra</strong></span> <span class='ocrx_word' id='word_1_18' title='bbox 823 476 942 537; x_wconf 90' lang='lat' dir='ltr'><strong>vallum</strong></span> <span class='ocrx_word' id='word_1_19' title='bbox 956 495 1089 555; x_wconf 85' lang='lat' dir='ltr'><strong>egressos</strong></span> 
     </span>
     <span class='ocr_line' id='line_1_4' title="bbox 185 556 1089 638; baseline -0.004 -19"><span class='ocrx_word' id='word_1_20' title='bbox 185 560 299 620; x_wconf 82' lang='lat' dir='ltr'>fudisse</span> <span class='ocrx_word' id='word_1_21' title='bbox 319 579 356 620; x_wconf 89' lang='lat' dir='ltr'><strong>ac</strong></span> <span class='ocrx_word' id='word_1_22' title='bbox 375 559 496 638; x_wconf 89' lang='lat' dir='ltr'><strong>fugasse</strong></span> <span class='ocrx_word' id='word_1_23' title='bbox 516 559 618 619; x_wconf 90' lang='lat' dir='ltr'><strong>hostis.</strong></span> <span class='ocrx_word' id='word_1_24' title='bbox 660 557 747 634; x_wconf 73' lang='lat' dir='ltr'><strong>Quas</strong></span> <span class='ocrx_word' id='word_1_25' title='bbox 767 557 806 618; x_wconf 94' lang='lat' dir='ltr'><strong>ob</strong></span> <span class='ocrx_word' id='word_1_26' title='bbox 827 577 883 631; x_wconf 86' lang='lat' dir='ltr'><strong>res,</strong></span> <span class='ocrx_word' id='word_1_27' title='bbox 897 556 922 617; x_wconf 87' lang='lat' dir='ltr'><strong>si</strong></span> <span class='ocrx_word' id='word_1_28' title='bbox 943 557 1089 636; x_wconf 87' lang='lat' dir='ltr'><strong>antiquus</strong></span> 
     </span>
    </p>

    <p class='ocr_par' dir='ltr' id='par_1_3' title="bbox 144 636 1089 719">
     <span class='ocr_line' id='line_1_5' title="bbox 144 636 1089 719; baseline -0.004 -19"><span class='ocrx_word' id='word_1_29' title='bbox 144 697 145 700; x_wconf 74' lang='grc'>,</span> <span class='ocrx_word' id='word_1_30' title='bbox 185 641 305 700; x_wconf 92' lang='lat' dir='ltr'><strong>animus</strong></span> <span class='ocrx_word' id='word_1_31' title='bbox 326 637 426 719; x_wconf 90' lang='lat' dir='ltr'><strong>plebei</strong></span> <span class='ocrx_word' id='word_1_32' title='bbox 446 639 604 699; x_wconf 82' lang='lat' dir='ltr'><strong>Romanae</strong></span> <span class='ocrx_word' id='word_1_33' title='bbox 624 646 708 710; x_wconf 86' lang='lat' dir='ltr'><strong>esset,</strong></span> <span class='ocrx_word' id='word_1_34' title='bbox 723 637 881 698; x_wconf 76' lang='lat' dir='ltr'><strong>audaciter</strong></span> <span class='ocrx_word' id='word_1_35' title='bbox 900 656 933 698; x_wconf 89' lang='lat' dir='ltr'><strong>se</strong></span> <span class='ocrx_word' id='word_1_36' title='bbox 951 636 1089 697; x_wconf 90' lang='lat' dir='ltr'><strong>laturum</strong></span> 
     </span>
    </p>

    <p class='ocr_par' dir='ltr' id='par_1_4' title="bbox 152 717 1089 1100">
     <span class='ocr_line' id='line_1_6' title="bbox 152 717 1089 798; baseline -0.007 -16"><span class='ocrx_word' id='word_1_37' title='bbox 152 720 277 782; x_wconf 80' lang='lat' dir='ltr'><strong>bfuisse</strong></span> <span class='ocrx_word' id='word_1_38' title='bbox 291 719 329 780; x_wconf 94' lang='lat' dir='ltr'><strong>de</strong></span> <span class='ocrx_word' id='word_1_39' title='bbox 343 718 518 798; x_wconf 87' lang='lat' dir='ltr'><strong>abrogando</strong></span> <span class='ocrx_word' id='word_1_40' title='bbox 532 718 572 795; x_wconf 74' lang='lat' dir='ltr'><strong>Q.</strong></span> <span class='ocrx_word' id='word_1_41' title='bbox 587 717 666 778; x_wconf 84' lang='lat' dir='ltr'><strong>Fabi</strong></span> <span class='ocrx_word' id='word_1_42' title='bbox 680 717 825 797; x_wconf 89' lang='lat' dir='ltr'><strong>imperio;</strong></span> <span class='ocrx_word' id='word_1_43' title='bbox 839 736 922 778; x_wconf 91' lang='lat' dir='ltr'><strong>nunc</strong></span> <span class='ocrx_word' id='word_1_44' title='bbox 936 717 1089 777; x_wconf 81' lang='lat' dir='ltr'><strong>modicam</strong></span> 
     </span>
     <span class='ocr_line' id='line_1_7' title="bbox 187 795 1088 892; baseline -0.004 -32"><span class='ocrx_word' id='word_1_45' title='bbox 187 800 375 878; x_wconf 81' lang='lat' dir='ltr'><strong>rogationem</strong></span> <span class='ocrx_word' id='word_1_46' title='bbox 402 796 668 892; x_wconf 88' lang='lat' dir='ltr'><strong>promulgaturum</strong></span> <span class='ocrx_word' id='word_1_47' title='bbox 696 797 734 857; x_wconf 93' lang='lat' dir='ltr'><strong>de</strong></span> <span class='ocrx_word' id='word_1_48' title='bbox 761 796 921 877; x_wconf 89' lang='lat' dir='ltr'><strong>aequando</strong></span> <span class='ocrx_word' id='word_1_49' title='bbox 947 795 1088 874; x_wconf 84' lang='lat' dir='ltr'><strong>magistri</strong></span> 
     </span>
     <span class='ocr_line' id='line_1_8' title="bbox 186 874 1089 959; baseline -0.006 -19"><span class='ocrx_word' id='word_1_50' title='bbox 186 880 323 959; x_wconf 87' lang='lat' dir='ltr'><strong>equitum</strong></span> <span class='ocrx_word' id='word_1_51' title='bbox 337 888 368 940; x_wconf 93' lang='lat' dir='ltr'><strong>et</strong></span> <span class='ocrx_word' id='word_1_52' title='bbox 381 877 538 939; x_wconf 82' lang='lat' dir='ltr'><strong>dictatoris</strong></span> <span class='ocrx_word' id='word_1_53' title='bbox 548 879 625 958; x_wconf 89' lang='lat' dir='ltr'><strong>jure.</strong></span> <span class='ocrx_word' id='word_1_54' title='bbox 667 876 733 938; x_wconf 88' lang='lat' dir='ltr'><strong>Nec</strong></span> <span class='ocrx_word' id='word_1_55' title='bbox 744 885 846 938; x_wconf 87' lang='lat' dir='ltr'><strong>tamen</strong></span> <span class='ocrx_word' id='word_1_56' title='bbox 857 895 895 936; x_wconf 90' lang='lat' dir='ltr'><strong>ne</strong></span> <span class='ocrx_word' id='word_1_57' title='bbox 909 874 954 936; x_wconf 92' lang='lat' dir='ltr'><strong>ita</strong></span> <span class='ocrx_word' id='word_1_58' title='bbox 964 876 1089 955; x_wconf 90' lang='lat' dir='ltr'><strong>quidem</strong></span> 
     </span>
     <span class='ocr_line' id='line_1_9' title="bbox 186 955 1089 1038; baseline -0.002 -20"><span class='ocrx_word' id='word_1_59' title='bbox 186 961 270 1038; x_wconf 91' lang='lat' dir='ltr'><strong>prius</strong></span> <span class='ocrx_word' id='word_1_60' title='bbox 295 958 477 1020; x_wconf 89' lang='lat' dir='ltr'><strong>mittendum</strong></span> <span class='ocrx_word' id='word_1_61' title='bbox 505 958 545 1019; x_wconf 89' lang='lat' dir='ltr'><strong>ad</strong></span> <span class='ocrx_word' id='word_1_62' title='bbox 572 957 741 1018; x_wconf 89' lang='lat' dir='ltr'><strong>exercitum</strong></span> <span class='ocrx_word' id='word_1_63' title='bbox 766 956 806 1032; x_wconf 78' lang='lat' dir='ltr'><strong>Q.</strong></span> <span class='ocrx_word' id='word_1_64' title='bbox 830 955 974 1030; x_wconf 91' lang='lat' dir='ltr'><strong>Fabium,</strong></span> <span class='ocrx_word' id='word_1_65' title='bbox 995 976 1089 1036; x_wconf 90' lang='lat' dir='ltr'><strong>quam</strong></span> 
     </span>
     <span class='ocr_line' id='line_1_10' title="bbox 186 1035 928 1100; baseline -0.003 0"><span class='ocrx_word' id='word_1_66' title='bbox 186 1039 339 1100; x_wconf 90' lang='lat' dir='ltr'><strong>consulem</strong></span> <span class='ocrx_word' id='word_1_67' title='bbox 360 1038 514 1099; x_wconf 89' lang='lat' dir='ltr'><strong>inlocum</strong></span> <span class='ocrx_word' id='word_1_68' title='bbox 535 1036 570 1099; x_wconf 83' lang='lat' dir='ltr'><strong>C.</strong></span> <span class='ocrx_word' id='word_1_69' title='bbox 591 1036 728 1097; x_wconf 84' lang='lat' dir='ltr'><strong>Flamini</strong></span> <span class='ocrx_word' id='word_1_70' title='bbox 746 1035 928 1098; x_wconf 83' lang='lat' dir='ltr'><strong>suffecisset&#39;</strong></span> 
     </span>
    </p>

    <p class='ocr_par' dir='ltr' id='par_1_5' title="bbox 134 1114 1089 1517">
     <span class='ocr_line' id='line_1_11' title="bbox 134 1114 1089 1180; baseline 0 -2"><span class='ocrx_word' id='word_1_71' title='bbox 134 1120 173 1180; x_wconf 90' lang='lat'><strong>10</strong></span> <span class='ocrx_word' id='word_1_72' title='bbox 226 1118 368 1180; x_wconf 81' lang='lat' dir='ltr'><strong>Dictator</strong></span> <span class='ocrx_word' id='word_1_73' title='bbox 379 1117 570 1179; x_wconf 91' lang='lat' dir='ltr'><strong>contionibus</strong></span> <span class='ocrx_word' id='word_1_74' title='bbox 583 1137 615 1178; x_wconf 88' lang='lat' dir='ltr'><strong>se</strong></span> <span class='ocrx_word' id='word_1_75' title='bbox 627 1117 778 1178; x_wconf 85' lang='lat' dir='ltr'><strong>abstinuit</strong></span> <span class='ocrx_word' id='word_1_76' title='bbox 787 1114 821 1176; x_wconf 94' lang='lat' dir='ltr'><strong>in</strong></span> <span class='ocrx_word' id='word_1_77' title='bbox 834 1116 953 1178; x_wconf 90' lang='lat' dir='ltr'><strong>actione</strong></span> <span class='ocrx_word' id='word_1_78' title='bbox 962 1115 1089 1178; x_wconf 90' lang='lat' dir='ltr'><strong>minime</strong></span> 
     </span>
     <span class='ocr_line' id='line_1_12' title="bbox 186 1196 1089 1278; baseline -0.001 -20"><span class='ocrx_word' id='word_1_79' title='bbox 186 1199 337 1278; x_wconf 90' lang='lat' dir='ltr'><strong>populari.</strong></span> <span class='ocrx_word' id='word_1_80' title='bbox 378 1197 428 1259; x_wconf 87' lang='lat' dir='ltr'><strong>Ne</strong></span> <span class='ocrx_word' id='word_1_81' title='bbox 440 1199 473 1258; x_wconf 92' lang='lat' dir='ltr'><strong>in</strong></span> <span class='ocrx_word' id='word_1_82' title='bbox 487 1207 595 1259; x_wconf 88' lang='lat' dir='ltr'><strong>senatu</strong></span> <span class='ocrx_word' id='word_1_83' title='bbox 609 1197 731 1276; x_wconf 90' lang='lat' dir='ltr'><strong>quidem</strong></span> <span class='ocrx_word' id='word_1_84' title='bbox 750 1197 825 1257; x_wconf 90' lang='lat' dir='ltr'><strong>satis</strong></span> <span class='ocrx_word' id='word_1_85' title='bbox 843 1196 947 1275; x_wconf 89' lang='lat' dir='ltr'><strong>aequis</strong></span> <span class='ocrx_word' id='word_1_86' title='bbox 961 1196 1089 1257; x_wconf 80' lang='lat' dir='ltr'><strong>auribus</strong></span> 
     </span>
     <span class='ocr_line' id='line_1_13' title="bbox 175 1275 1089 1356; baseline -0.001 -17"><span class='ocrx_word' id='word_1_87' title='bbox 175 1277 377 1353; x_wconf 87' lang='lat' dir='ltr'><strong>audiebatur,</strong></span> <span class='ocrx_word' id='word_1_88' title='bbox 399 1299 469 1339; x_wconf 90' lang='lat' dir='ltr'><strong>cum</strong></span> <span class='ocrx_word' id='word_1_89' title='bbox 489 1279 607 1339; x_wconf 89' lang='lat' dir='ltr'><strong>hostem</strong></span> <span class='ocrx_word' id='word_1_90' title='bbox 620 1277 722 1340; x_wconf 89' lang='lat' dir='ltr'><strong>verbis</strong></span> <span class='ocrx_word' id='word_1_91' title='bbox 742 1275 904 1337; x_wconf 86' lang='lat' dir='ltr'><strong>extolleret</strong></span> <span class='ocrx_word' id='word_1_92' title='bbox 924 1275 1089 1356; x_wconf 89' lang='lat' dir='ltr'><strong>biennique</strong></span> 
     </span>
     <span class='ocr_line' id='line_1_14' title="bbox 186 1355 1089 1438; baseline -0.002 -19"><span class='ocrx_word' id='word_1_93' title='bbox 186 1359 288 1430; x_wconf 87' lang='lat' dir='ltr'><strong>clades</strong></span> <span class='ocrx_word' id='word_1_94' title='bbox 297 1379 355 1438; x_wconf 86' lang='lat' dir='ltr'><strong>per</strong></span> <span class='ocrx_word' id='word_1_95' title='bbox 368 1359 571 1420; x_wconf 85' lang='lat' dir='ltr'><strong>temeritatem</strong></span> <span class='ocrx_word' id='word_1_96' title='bbox 584 1367 678 1437; x_wconf 89' lang='lat' dir='ltr'><strong>atque</strong></span> <span class='ocrx_word' id='word_1_97' title='bbox 690 1355 885 1417; x_wconf 80' lang='lat' dir='ltr'><strong>inscientiam</strong></span> <span class='ocrx_word' id='word_1_98' title='bbox 904 1355 1020 1418; x_wconf 89' lang='lat' dir='ltr'><strong>ducum</strong></span> <span class='ocrx_word' id='word_1_99' title='bbox 1040 1375 1089 1417; x_wconf 89' lang='lat' dir='ltr'><strong>ac·</strong></span> 
     </span>
     <span class='ocr_line' id='line_1_15' title="bbox 187 1435 1089 1517; baseline 0 -19"><span class='ocrx_word' id='word_1_100' title='bbox 187 1447 289 1517; x_wconf 87' lang='lat' dir='ltr'><strong>ceptae</strong></span> <span class='ocrx_word' id='word_1_101' title='bbox 311 1437 445 1512; x_wconf 82' lang='lat' dir='ltr'><strong>referret,</strong></span> <span class='ocrx_word' id='word_1_102' title='bbox 470 1442 497 1497; x_wconf 83' lang='lat' dir='ltr'><strong>ct</strong></span> <span class='ocrx_word' id='word_1_103' title='bbox 519 1436 681 1516; x_wconf 86' lang='lat' dir='ltr'><strong>‘magistro</strong></span> <span class='ocrx_word' id='word_1_104' title='bbox 705 1435 852 1514; x_wconf 86' lang='lat' dir='ltr'><strong>equitum,</strong></span> <span class='ocrx_word' id='word_1_105' title='bbox 875 1435 957 1515; x_wconf 92' lang='lat' dir='ltr'><strong>quod</strong></span> <span class='ocrx_word' id='word_1_106' title='bbox 982 1445 1089 1498; x_wconf 80' lang='lat' dir='ltr'><strong>contra</strong></span> 
     </span>
    </p>

    <p class='ocr_par' dir='ltr' id='par_1_6' title="bbox 135 1514 1090 1913">
     <span class='ocr_line' id='line_1_16' title="bbox 135 1514 1089 1596; baseline -0.004 -16"><span class='ocrx_word' id='word_1_107' title='bbox 135 1519 174 1580; x_wconf 85' lang='lat'><strong>15</strong></span> <span class='ocrx_word' id='word_1_108' title='bbox 189 1519 305 1579; x_wconf 89' lang='lat' dir='ltr'><strong>dictum</strong></span> <span class='ocrx_word' id='word_1_109' title='bbox 325 1536 414 1578; x_wconf 86' lang='lat' dir='ltr'><strong>suum</strong></span> <span class='ocrx_word' id='word_1_110' title='bbox 434 1524 606 1596; x_wconf 86' lang='lat' dir='ltr'><strong>pugnasset,</strong></span> <span class='ocrx_word' id='word_1_111' title='bbox 627 1514 795 1578; x_wconf 86' lang='lat' dir='ltr'><strong>rationem&#39;</strong></span> <span class='ocrx_word' id='word_1_112' title='bbox 817 1515 931 1576; x_wconf 91' lang='lat' dir='ltr'><strong>diceret</strong></span> <span class='ocrx_word' id='word_1_113' title='bbox 944 1515 1089 1576; x_wconf 87' lang='lat' dir='ltr'><strong>‘redden-</strong></span> 
     </span>
     <span class='ocr_line' id='line_1_17' title="bbox 186 1592 1089 1673; baseline 0 -19"><span class='ocrx_word' id='word_1_114' title='bbox 186 1595 258 1654; x_wconf 86' lang='lat' dir='ltr'><strong>dam</strong></span> <span class='ocrx_word' id='word_1_115' title='bbox 272 1615 342 1656; x_wconf 90' lang='lat' dir='ltr'><strong>esse.</strong></span> <span class='ocrx_word' id='word_1_116' title='bbox 384 1593 417 1655; x_wconf 84' lang='lat' dir='ltr'><strong>Si</strong></span> <span class='ocrx_word' id='word_1_117' title='bbox 452 1615 522 1656; x_wconf 87' lang='lat' dir='ltr'><strong>enee</strong></span> <span class='ocrx_word' id='word_1_118' title='bbox 534 1614 566 1656; x_wconf 90' lang='lat' dir='ltr'><strong>se</strong></span> <span class='ocrx_word' id='word_1_119' title='bbox 578 1614 699 1655; x_wconf 89' lang='lat' dir='ltr'><strong>summa</strong></span> <span class='ocrx_word' id='word_1_120' title='bbox 712 1594 753 1654; x_wconf 90' lang='lat' dir='ltr'><strong>im</strong></span> <span class='ocrx_word' id='word_1_121' title='bbox 777 1593 833 1654; x_wconf 89' lang='lat' dir='ltr'><strong>erii</strong></span> <span class='ocrx_word' id='word_1_122' title='bbox 847 1592 1026 1673; x_wconf 89' lang='lat' dir='ltr'><strong>consiliique</strong></span> <span class='ocrx_word' id='word_1_123' title='bbox 1038 1595 1089 1669; x_wconf 89' lang='lat' dir='ltr'><strong>sit,</strong></span> 
     </span>
     <span class='ocr_line' id='line_1_18' title="bbox 184 1673 1090 1753; baseline 0.001 -20"><span class='ocrx_word' id='word_1_124' title='bbox 184 1694 280 1753; x_wconf 91' lang='lat' dir='ltr'><strong>prope</strong></span> <span class='ocrx_word' id='word_1_125' title='bbox 294 1674 405 1734; x_wconf 90' lang='lat' dir='ltr'><strong>dieme</strong></span> <span class='ocrx_word' id='word_1_126' title='bbox 428 1683 576 1748; x_wconf 73' lang='lat' dir='ltr'><strong>cetorum,</strong></span> <span class='ocrx_word' id='word_1_127' title='bbox 590 1683 626 1735; x_wconf 93' lang='lat' dir='ltr'><strong>ut</strong></span> <span class='ocrx_word' id='word_1_128' title='bbox 645 1675 745 1735; x_wconf 89' lang='lat' dir='ltr'><strong>sciant</strong></span> <span class='ocrx_word' id='word_1_129' title='bbox 787 1673 911 1748; x_wconf 89' lang='lat' dir='ltr'><strong>omines,</strong></span> <span class='ocrx_word' id='word_1_130' title='bbox 932 1673 1012 1735; x_wconf 88' lang='lat' dir='ltr'><strong>bono</strong></span> <span class='ocrx_word' id='word_1_131' title='bbox 1032 1675 1090 1734; x_wconf 90' lang='lat' dir='ltr'><strong>im·</strong></span> 
     </span>
     <span class='ocr_line' id='line_1_19' title="bbox 184 1753 1089 1847; baseline 0.002 -34"><span class='ocrx_word' id='word_1_132' title='bbox 184 1762 323 1832; x_wconf 88' lang='lat' dir='ltr'><strong>peratore</strong></span> <span class='ocrx_word' id='word_1_133' title='bbox 337 1754 414 1815; x_wconf 88' lang='lat' dir='ltr'><strong>haut</strong></span> <span class='ocrx_word' id='word_1_134' title='bbox 427 1754 532 1847; x_wconf 82' lang='lat' dir='ltr'><strong>magui</strong></span> <span class='ocrx_word' id='word_1_135' title='bbox 545 1753 699 1814; x_wconf 81' lang='lat' dir='ltr'><strong>fortunam</strong></span> <span class='ocrx_word' id='word_1_136' title='bbox 713 1754 860 1814; x_wconf 89' lang='lat' dir='ltr'><strong>momenti</strong></span> <span class='ocrx_word' id='word_1_137' title='bbox 874 1773 945 1828; x_wconf 87' lang='lat' dir='ltr'><strong>esse,</strong></span> <span class='ocrx_word' id='word_1_138' title='bbox 955 1763 1089 1815; x_wconf 86' lang='lat' dir='ltr'><strong>mentem</strong></span> 
     </span>
     <span class='ocr_line' id='line_1_20' title="bbox 184 1832 1089 1913; baseline 0.002 -20"><span class='ocrx_word' id='word_1_139' title='bbox 184 1833 393 1912; x_wconf 86' lang='lat' dir='ltr'><strong>rationemque</strong></span> <span class='ocrx_word' id='word_1_140' title='bbox 413 1832 574 1906; x_wconf 82' lang='lat' dir='ltr'><strong>dominari,</strong></span> <span class='ocrx_word' id='word_1_141' title='bbox 594 1842 626 1895; x_wconf 91' lang='lat' dir='ltr'><strong>et</strong></span> <span class='ocrx_word' id='word_1_142' title='bbox 648 1834 682 1894; x_wconf 95' lang='lat' dir='ltr'><strong>in</strong></span> <span class='ocrx_word' id='word_1_143' title='bbox 705 1843 841 1912; x_wconf 90' lang='lat' dir='ltr'><strong>tempore</strong></span> <span class='ocrx_word' id='word_1_144' title='bbox 863 1843 894 1896; x_wconf 90' lang='lat' dir='ltr'><strong>et</strong></span> <span class='ocrx_word' id='word_1_145' title='bbox 917 1832 982 1895; x_wconf 88' lang='lat' dir='ltr'><strong>sine</strong></span> <span class='ocrx_word' id='word_1_146' title='bbox 1005 1834 1089 1913; x_wconf 89' lang='lat' dir='ltr'><strong>igno-</strong></span> 
     </span>
    </p>

    <p class='ocr_par' dir='ltr' id='par_1_7' title="bbox 132 1913 1089 2316">
     <span class='ocr_line' id='line_1_21' title="bbox 132 1913 1088 1993; baseline -0.002 -16"><span class='ocrx_word' id='word_1_147' title='bbox 132 1915 172 1977; x_wconf 85' lang='lat'><strong>20</strong></span> <span class='ocrx_word' id='word_1_148' title='bbox 185 1913 282 1975; x_wconf 88' lang='lat' dir='ltr'><strong>minia</strong></span> <span class='ocrx_word' id='word_1_149' title='bbox 295 1933 429 1975; x_wconf 88' lang='lat' dir='ltr'><strong>servasse</strong></span> <span class='ocrx_word' id='word_1_150' title='bbox 442 1914 621 1988; x_wconf 86' lang='lat' dir='ltr'><strong>exercitum,</strong></span> <span class='ocrx_word' id='word_1_151' title='bbox 635 1934 727 1993; x_wconf 93' lang='lat' dir='ltr'><strong>quam</strong></span> <span class='ocrx_word' id='word_1_152' title='bbox 741 1914 841 1974; x_wconf 86' lang='lat' dir='ltr'><strong>multa</strong></span> <span class='ocrx_word' id='word_1_153' title='bbox 854 1913 941 1983; x_wconf 87' lang='lat' dir='ltr'><strong>milia</strong></span> <span class='ocrx_word' id='word_1_154' title='bbox 954 1914 1088 1975; x_wconf 83' lang='lat' dir='ltr'><strong>hostium</strong></span> 
     </span>
     <span class='ocr_line' id='line_1_22' title="bbox 185 1993 1089 2074; baseline 0.001 -20"><span class='ocrx_word' id='word_1_155' title='bbox 185 1994 339 2069; x_wconf 88' lang='lat' dir='ltr'><strong>occidisse,</strong></span> <span class='ocrx_word' id='word_1_156' title='bbox 349 1995 494 2074; x_wconf 90' lang='lat' dir='ltr'><strong>majorem</strong></span> <span class='ocrx_word' id='word_1_157' title='bbox 526 1993 636 2054; x_wconf 90' lang='lat' dir='ltr'><strong>loriam</strong></span> <span class='ocrx_word' id='word_1_158' title='bbox 650 1994 731 2055; x_wconf 70' lang='lat' dir='ltr'><strong>esse!</strong></span> <span class='ocrx_word' id='word_1_159' title='bbox 772 1993 876 2073; x_wconf 90' lang='lat' dir='ltr'><strong>Hujus</strong></span> <span class='ocrx_word' id='word_1_160' title='bbox 890 1995 1008 2074; x_wconf 87' lang='lat' dir='ltr'><strong>generis</strong></span> <span class='ocrx_word' id='word_1_161' title='bbox 1022 2014 1089 2055; x_wconf 90' lang='lat' dir='ltr'><strong>ora·</strong></span> 
     </span>
     <span class='ocr_line' id='line_1_23' title="bbox 185 2015 1088 2147; baseline 0.002 -13"><span class='ocrx_word' id='word_1_162' title='bbox 185 2074 319 2135; x_wconf 90' lang='lat' dir='ltr'><strong>tionibus</strong></span> <span class='ocrx_word' id='word_1_163' title='bbox 339 2074 453 2136; x_wconf 87' lang='lat' dir='ltr'><strong>frustra</strong></span> <span class='ocrx_word' id='word_1_164' title='bbox 472 2015 597 2147; x_wconf 64' lang='lat' dir='ltr'><strong>lidius,</strong></span> <span class='ocrx_word' id='word_1_165' title='bbox 611 2083 643 2134; x_wconf 91' lang='lat' dir='ltr'><strong>et</strong></span> <span class='ocrx_word' id='word_1_166' title='bbox 657 2073 780 2135; x_wconf 90' lang='lat' dir='ltr'><strong>consule</strong></span> <span class='ocrx_word' id='word_1_167' title='bbox 798 2082 900 2135; x_wconf 89' lang='lat' dir='ltr'><strong>creato</strong></span> <span class='ocrx_word' id='word_1_168' title='bbox 920 2073 965 2136; x_wconf 91' lang='lat' dir='ltr'><strong>M.</strong></span> <span class='ocrx_word' id='word_1_169' title='bbox 985 2072 1088 2136; x_wconf 86' lang='lat' dir='ltr'><strong>Atilio</strong></span> 
     </span>
     <span class='ocr_line' id='line_1_24' title="bbox 185 2153 1089 2235; baseline -0.001 -19"><span class='ocrx_word' id='word_1_170' title='bbox 185 2155 314 2235; x_wconf 85' lang='lat' dir='ltr'><strong>Regulo,</strong></span> <span class='ocrx_word' id='word_1_171' title='bbox 327 2175 366 2216; x_wconf 91' lang='lat' dir='ltr'><strong>ne</strong></span> <span class='ocrx_word' id='word_1_172' title='bbox 380 2175 521 2235; x_wconf 90' lang='lat' dir='ltr'><strong>praesens</strong></span> <span class='ocrx_word' id='word_1_173' title='bbox 535 2154 573 2215; x_wconf 93' lang='lat' dir='ltr'><strong>de</strong></span> <span class='ocrx_word' id='word_1_174' title='bbox 582 2154 653 2234; x_wconf 90' lang='lat' dir='ltr'><strong>jure</strong></span> <span class='ocrx_word' id='word_1_175' title='bbox 666 2153 787 2234; x_wconf 90' lang='lat' dir='ltr'><strong>imperii</strong></span> <span class='ocrx_word' id='word_1_176' title='bbox 804 2153 973 2228; x_wconf 85' lang='lat' dir='ltr'><strong>dimicaret,</strong></span> <span class='ocrx_word' id='word_1_177' title='bbox 987 2154 1089 2233; x_wconf 87' lang='lat' dir='ltr'><strong>pridie</strong></span> 
     </span>
     <span class='ocr_line' id='line_1_25' title="bbox 184 2234 1088 2316; baseline 0.001 -21"><span class='ocrx_word' id='word_1_178' title='bbox 184 2255 277 2314; x_wconf 91' lang='lat' dir='ltr'><strong>quam</strong></span> <span class='ocrx_word' id='word_1_179' title='bbox 291 2235 457 2316; x_wconf 89' lang='lat' dir='ltr'><strong>rogationis</strong></span> <span class='ocrx_word' id='word_1_180' title='bbox 471 2234 613 2295; x_wconf 87' lang='lat' dir='ltr'><strong>ferendae</strong></span> <span class='ocrx_word' id='word_1_181' title='bbox 627 2234 691 2295; x_wconf 77' lang='lat' dir='ltr'><strong>diss</strong></span> <span class='ocrx_word' id='word_1_182' title='bbox 705 2234 831 2307; x_wconf 89' lang='lat' dir='ltr'><strong>adesset,</strong></span> <span class='ocrx_word' id='word_1_183' title='bbox 846 2242 935 2295; x_wconf 92' lang='lat' dir='ltr'><strong>nocte</strong></span> <span class='ocrx_word' id='word_1_184' title='bbox 948 2234 989 2295; x_wconf 89' lang='lat' dir='ltr'><strong>ad</strong></span> <span class='ocrx_word' id='word_1_185' title='bbox 1002 2255 1088 2296; x_wconf 86' lang='lat' dir='ltr'><strong>exer-</strong></span> 
     </span>
    </p>

    <p class='ocr_par' dir='ltr' id='par_1_8' title="bbox 131 2313 1087 2718">
     <span class='ocr_line' id='line_1_26' title="bbox 131 2313 1086 2395; baseline 0.001 -19"><span class='ocrx_word' id='word_1_186' title='bbox 131 2315 171 2376; x_wconf 84' lang='lat'><strong>25</strong></span> <span class='ocrx_word' id='word_1_187' title='bbox 185 2316 281 2377; x_wconf 90' lang='lat' dir='ltr'><strong>citum</strong></span> <span class='ocrx_word' id='word_1_188' title='bbox 294 2316 381 2378; x_wconf 85' lang='lat' dir='ltr'><strong>abiit</strong></span> <span class='ocrx_word' id='word_1_189' title='bbox 421 2316 507 2377; x_wconf 89' lang='lat' dir='ltr'><strong>Luce</strong></span> <span class='ocrx_word' id='word_1_190' title='bbox 526 2323 594 2376; x_wconf 89' lang='lat' dir='ltr'><strong>orta</strong></span> <span class='ocrx_word' id='word_1_191' title='bbox 614 2335 685 2376; x_wconf 91' lang='lat' dir='ltr'><strong>cum</strong></span> <span class='ocrx_word' id='word_1_192' title='bbox 705 2313 804 2395; x_wconf 89' lang='lat' dir='ltr'><strong>plebis</strong></span> <span class='ocrx_word' id='word_1_193' title='bbox 821 2314 986 2376; x_wconf 88' lang='lat' dir='ltr'><strong>concilium</strong></span> <span class='ocrx_word' id='word_1_194' title='bbox 999 2326 1086 2390; x_wconf 85' lang='lat' dir='ltr'><strong>esset,</strong></span> 
     </span>
     <span class='ocr_line' id='line_1_27' title="bbox 184 2394 1087 2477; baseline 0.002 -21"><span class='ocrx_word' id='word_1_195' title='bbox 184 2397 281 2477; x_wconf 88' lang='lat' dir='ltr'><strong>magis</strong></span> <span class='ocrx_word' id='word_1_196' title='bbox 308 2398 403 2460; x_wconf 90' lang='lat' dir='ltr'><strong>tacita</strong></span> <span class='ocrx_word' id='word_1_197' title='bbox 429 2395 550 2459; x_wconf 86' lang='lat' dir='ltr'><strong>invidia</strong></span> <span class='ocrx_word' id='word_1_198' title='bbox 576 2395 734 2456; x_wconf 84' lang='lat' dir='ltr'><strong>dictatoris</strong></span> <span class='ocrx_word' id='word_1_199' title='bbox 768 2394 917 2476; x_wconf 81' lang='lat' dir='ltr'><strong>favorque</strong></span> <span class='ocrx_word' id='word_1_200' title='bbox 946 2396 1087 2475; x_wconf 85' lang='lat' dir='ltr'><strong>magistri</strong></span> 
     </span>
     <span class='ocr_line' id='line_1_28' title="bbox 183 2475 1086 2557; baseline 0 -19"><span class='ocrx_word' id='word_1_201' title='bbox 183 2479 321 2557; x_wconf 92' lang='lat' dir='ltr'><strong>equitum</strong></span> <span class='ocrx_word' id='word_1_202' title='bbox 344 2477 461 2539; x_wconf 89' lang='lat' dir='ltr'><strong>animos</strong></span> <span class='ocrx_word' id='word_1_203' title='bbox 481 2477 632 2550; x_wconf 88' lang='lat' dir='ltr'><strong>versabat,</strong></span> <span class='ocrx_word' id='word_1_204' title='bbox 653 2496 747 2555; x_wconf 91' lang='lat' dir='ltr'><strong>quam</strong></span> <span class='ocrx_word' id='word_1_205' title='bbox 768 2475 841 2536; x_wconf 91' lang='lat' dir='ltr'><strong>satis</strong></span> <span class='ocrx_word' id='word_1_206' title='bbox 862 2475 1016 2536; x_wconf 87' lang='lat' dir='ltr'><strong>audebant</strong></span> <span class='ocrx_word' id='word_1_207' title='bbox 1032 2477 1086 2538; x_wconf 90' lang='lat' dir='ltr'><strong>ho·</strong></span> 
     </span>
     <span class='ocr_line' id='line_1_29' title="bbox 183 2555 1085 2638; baseline 0.002 -21"><span class='ocrx_word' id='word_1_208' title='bbox 183 2559 280 2638; x_wconf 83' lang='lat' dir='ltr'><strong>mines</strong></span> <span class='ocrx_word' id='word_1_209' title='bbox 303 2558 344 2619; x_wconf 91' lang='lat' dir='ltr'><strong>ad</strong></span> <span class='ocrx_word' id='word_1_210' title='bbox 368 2557 557 2619; x_wconf 89' lang='lat' dir='ltr'><strong>suadendum</strong></span> <span class='ocrx_word' id='word_1_211' title='bbox 577 2557 659 2636; x_wconf 94' lang='lat' dir='ltr'><strong>quod</strong></span> <span class='ocrx_word' id='word_1_212' title='bbox 680 2556 774 2636; x_wconf 84' lang='lat' dir='ltr'><strong>vulgo</strong></span> <span class='ocrx_word' id='word_1_213' title='bbox 794 2555 936 2636; x_wconf 90' lang='lat' dir='ltr'><strong>placebat</strong></span> <span class='ocrx_word' id='word_1_214' title='bbox 953 2555 1085 2635; x_wconf 89' lang='lat' dir='ltr'><strong>prodire,</strong></span> 
     </span>
     <span class='ocr_line' id='line_1_30' title="bbox 183 2637 1086 2718; baseline 0 -20"><span class='ocrx_word' id='word_1_215' title='bbox 183 2647 223 2711; x_wconf 87' lang='lat' dir='ltr'><strong>et,</strong></span> <span class='ocrx_word' id='word_1_216' title='bbox 251 2639 356 2700; x_wconf 88' lang='lat' dir='ltr'><strong>favore</strong></span> <span class='ocrx_word' id='word_1_217' title='bbox 390 2646 561 2718; x_wconf 86' lang='lat' dir='ltr'><strong>superante,</strong></span> <span class='ocrx_word' id='word_1_218' title='bbox 595 2637 762 2698; x_wconf 89' lang='lat' dir='ltr'><strong>auctoritas</strong></span> <span class='ocrx_word' id='word_1_219' title='bbox 795 2645 900 2697; x_wconf 90' lang='lat' dir='ltr'><strong>tamen</strong></span> <span class='ocrx_word' id='word_1_220' title='bbox 933 2637 1086 2717; x_wconf 88' lang='lat' dir='ltr'><strong>rogationi</strong></span> 
     </span>
    </p>

    <p class='ocr_par' dir='ltr' id='par_1_9' title="bbox 131 2715 1086 3120">
     <span class='ocr_line' id='line_1_31' title="bbox 131 2715 1086 2796; baseline 0.002 -18"><span class='ocrx_word' id='word_1_221' title='bbox 131 2718 170 2780; x_wconf 88' lang='lat'><strong>30</strong></span> <span class='ocrx_word' id='word_1_222' title='bbox 184 2719 296 2780; x_wconf 89' lang='lat' dir='ltr'><strong>deerat.</strong></span> <span class='ocrx_word' id='word_1_223' title='bbox 338 2717 426 2780; x_wconf 88' lang='lat' dir='ltr'><strong>Unus</strong></span> <span class='ocrx_word' id='word_1_224' title='bbox 443 2718 585 2780; x_wconf 85' lang='lat' dir='ltr'><strong>inventus</strong></span> <span class='ocrx_word' id='word_1_225' title='bbox 603 2725 649 2778; x_wconf 91' lang='lat' dir='ltr'><strong>est</strong></span> <span class='ocrx_word' id='word_1_226' title='bbox 668 2737 774 2778; x_wconf 85' lang='lat' dir='ltr'><strong>suasor</strong></span> <span class='ocrx_word' id='word_1_227' title='bbox 787 2716 863 2796; x_wconf 87' lang='lat' dir='ltr'><strong>legis</strong></span> <span class='ocrx_word' id='word_1_228' title='bbox 876 2715 912 2780; x_wconf 81' lang='lat' dir='ltr'><strong>O.</strong></span> <span class='ocrx_word' id='word_1_229' title='bbox 925 2717 1086 2780; x_wconf 88' lang='lat' dir='ltr'><strong>Terentius</strong></span> 
     </span>
     <span class='ocr_line' id='line_1_32' title="bbox 182 2796 1086 2879; baseline -0.003 -18"><span class='ocrx_word' id='word_1_230' title='bbox 182 2800 294 2873; x_wconf 90' lang='lat' dir='ltr'><strong>Varro,</strong></span> <span class='ocrx_word' id='word_1_231' title='bbox 322 2799 375 2879; x_wconf 94' lang='lat' dir='ltr'><strong>qui</strong></span> <span class='ocrx_word' id='word_1_232' title='bbox 403 2797 503 2878; x_wconf 93' lang='lat' dir='ltr'><strong>priore</strong></span> <span class='ocrx_word' id='word_1_233' title='bbox 530 2818 611 2858; x_wconf 89' lang='lat' dir='ltr'><strong>anno</strong></span> <span class='ocrx_word' id='word_1_234' title='bbox 638 2805 762 2876; x_wconf 88' lang='lat' dir='ltr'><strong>praetor</strong></span> <span class='ocrx_word' id='word_1_235' title='bbox 787 2796 899 2871; x_wconf 89' lang='lat' dir='ltr'><strong>fuerat,</strong></span> <span class='ocrx_word' id='word_1_236' title='bbox 926 2797 993 2858; x_wconf 92' lang='lat' dir='ltr'><strong>loco</strong></span> <span class='ocrx_word' id='word_1_237' title='bbox 1022 2817 1086 2859; x_wconf 90' lang='lat' dir='ltr'><strong>non</strong></span> 
     </span>
     <span class='ocr_line' id='line_1_33' title="bbox 182 2877 1086 2958; baseline -0.001 -19"><span class='ocrx_word' id='word_1_238' title='bbox 182 2879 294 2940; x_wconf 91' lang='lat' dir='ltr'><strong>humili</strong></span> <span class='ocrx_word' id='word_1_239' title='bbox 320 2877 428 2951; x_wconf 88' lang='lat' dir='ltr'><strong>solum,</strong></span> <span class='ocrx_word' id='word_1_240' title='bbox 456 2877 508 2938; x_wconf 90' lang='lat' dir='ltr'><strong>sed</strong></span> <span class='ocrx_word' id='word_1_241' title='bbox 535 2877 628 2938; x_wconf 90' lang='lat' dir='ltr'><strong>etiam</strong></span> <span class='ocrx_word' id='word_1_242' title='bbox 654 2877 786 2952; x_wconf 88' lang='lat' dir='ltr'><strong>sordido,</strong></span> <span class='ocrx_word' id='word_1_243' title='bbox 814 2887 908 2958; x_wconf 67' lang='lat' dir='ltr'><strong>ortus,</strong></span> <span class='ocrx_word' id='word_1_244' title='bbox 959 2877 1086 2939; x_wconf 89' lang='lat' dir='ltr'><strong>Patrem</strong></span> 
     </span>
     <span class='ocr_line' id='line_1_34' title="bbox 182 2957 1085 3036; baseline 0.002 -18"><span class='ocrx_word' id='word_1_245' title='bbox 182 2960 298 3021; x_wconf 88' lang='lat' dir='ltr'><strong>lanium</strong></span> <span class='ocrx_word' id='word_1_246' title='bbox 318 2958 410 3020; x_wconf 88' lang='lat' dir='ltr'><strong>fuisse</strong></span> <span class='ocrx_word' id='word_1_247' title='bbox 429 2957 540 3030; x_wconf 86' lang='lat' dir='ltr'><strong>ferunt,</strong></span> <span class='ocrx_word' id='word_1_248' title='bbox 559 2957 659 3036; x_wconf 91' lang='lat' dir='ltr'><strong>ipsum</strong></span> <span class='ocrx_word' id='word_1_249' title='bbox 679 2957 850 3019; x_wconf 87' lang='lat' dir='ltr'><strong>institorem</strong></span> <span class='ocrx_word' id='word_1_250' title='bbox 870 2957 987 3032; x_wconf 89' lang='lat' dir='ltr'><strong>merois,</strong></span> <span class='ocrx_word' id='word_1_251' title='bbox 1008 2957 1085 3020; x_wconf 88' lang='lat' dir='ltr'><strong>filio·</strong></span> 
     </span>
     <span class='ocr_line' id='line_1_35' title="bbox 181 3037 1033 3120; baseline -0.001 -20"><span class='ocrx_word' id='word_1_252' title='bbox 181 3061 240 3120; x_wconf 90' lang='lat' dir='ltr'><strong>que</strong></span> <span class='ocrx_word' id='word_1_253' title='bbox 255 3040 312 3101; x_wconf 90' lang='lat' dir='ltr'><strong>hoc</strong></span> <span class='ocrx_word' id='word_1_254' title='bbox 326 3040 391 3119; x_wconf 94' lang='lat' dir='ltr'><strong>ipso</strong></span> <span class='ocrx_word' id='word_1_255' title='bbox 405 3039 437 3098; x_wconf 91' lang='lat' dir='ltr'><strong>in</strong></span> <span class='ocrx_word' id='word_1_256' title='bbox 450 3037 576 3100; x_wconf 88' lang='lat' dir='ltr'><strong>servilia</strong></span> <span class='ocrx_word' id='word_1_257' title='bbox 588 3037 653 3117; x_wconf 90' lang='lat' dir='ltr'><strong>ejus</strong></span> <span class='ocrx_word' id='word_1_258' title='bbox 665 3037 740 3098; x_wconf 87' lang='lat' dir='ltr'><strong>artis</strong></span> <span class='ocrx_word' id='word_1_259' title='bbox 753 3038 922 3099; x_wconf 87' lang='lat' dir='ltr'><strong>ministeria</strong></span> <span class='ocrx_word' id='word_1_260' title='bbox 935 3057 1033 3099; x_wconf 92' lang='lat' dir='ltr'><strong>usum.</strong></span> 
     </span>
    </p>

    <p class='ocr_par' dir='ltr' id='par_1_10' title="bbox 128 3117 1082 3278">
     <span class='ocr_line' id='line_1_36' title="bbox 128 3117 1082 3197; baseline -0.001 -17"><span class='ocrx_word' id='word_1_261' title='bbox 128 3119 167 3180; x_wconf 84' lang='lat'><strong>35</strong></span> <span class='ocrx_word' id='word_1_262' title='bbox 221 3119 348 3182; x_wconf 91' lang='lat' dir='ltr'>XXVI.</span> <span class='ocrx_word' id='word_1_263' title='bbox 391 3117 422 3178; x_wconf 92' lang='lat' dir='ltr'><strong>Is</strong></span> <span class='ocrx_word' id='word_1_264' title='bbox 431 3118 562 3197; x_wconf 88' lang='lat' dir='ltr'><strong>juvenis,</strong></span> <span class='ocrx_word' id='word_1_265' title='bbox 573 3126 609 3178; x_wconf 93' lang='lat' dir='ltr'><strong>ut</strong></span> <span class='ocrx_word' id='word_1_266' title='bbox 617 3117 750 3197; x_wconf 90' lang='lat' dir='ltr'><strong>primum</strong></span> <span class='ocrx_word' id='word_1_267' title='bbox 765 3137 804 3177; x_wconf 90' lang='lat' dir='ltr'><strong>ex</strong></span> <span class='ocrx_word' id='word_1_268' title='bbox 819 3137 853 3178; x_wconf 91' lang='lat' dir='ltr'><strong>eo</strong></span> <span class='ocrx_word' id='word_1_269' title='bbox 867 3137 977 3197; x_wconf 87' lang='lat' dir='ltr'><strong>genere</strong></span> <span class='ocrx_word' id='word_1_270' title='bbox 1012 3137 1082 3180; x_wconf 75' lang='lat' dir='ltr'><strong>uae</strong></span> 
     </span>
     <span class='ocr_line' id='line_1_37' title="bbox 179 3139 1082 3278; baseline 0 -19"><span class='ocrx_word' id='word_1_271' title='bbox 179 3209 243 3259; x_wconf 89' lang='lat' dir='ltr'><strong>stus</strong></span> <span class='ocrx_word' id='word_1_272' title='bbox 266 3198 429 3278; x_wconf 82' lang='lat' dir='ltr'><strong>pecuniae</strong></span> <span class='ocrx_word' id='word_1_273' title='bbox 464 3206 529 3256; x_wconf 91' lang='lat' dir='ltr'><strong>atre</strong></span> <span class='ocrx_word' id='word_1_274' title='bbox 550 3196 658 3257; x_wconf 90' lang='lat' dir='ltr'><strong>relicta</strong></span> <span class='ocrx_word' id='word_1_275' title='bbox 676 3196 792 3257; x_wconf 92' lang='lat' dir='ltr'><strong>animos</strong></span> <span class='ocrx_word' id='word_1_276' title='bbox 813 3197 853 3257; x_wconf 92' lang='lat' dir='ltr'><strong>ad</strong></span> <span class='ocrx_word' id='word_1_277' title='bbox 873 3218 958 3277; x_wconf 89' lang='lat' dir='ltr'><strong>spem</strong></span> <span class='ocrx_word' id='word_1_278' title='bbox 972 3139 1082 3260; x_wconf 81' lang='lat' dir='ltr'><strong>libera·</strong></span> 
     </span>
    </p>
   </div>
   <div class='ocr_carea' id='block_1_3' title="bbox 177 3275 1082 3518">
    <p class='ocr_par' dir='ltr' id='par_1_11' title="bbox 177 3275 1082 3518">
     <span class='ocr_line' id='line_1_38' title="bbox 178 3275 1082 3357; baseline 0.001 -19"><span class='ocrx_word' id='word_1_279' title='bbox 178 3279 264 3338; x_wconf 91' lang='lat' dir='ltr'><strong>lioris</strong></span> <span class='ocrx_word' id='word_1_280' title='bbox 279 3279 419 3338; x_wconf 88' lang='lat' dir='ltr'><strong>fortunae</strong></span> <span class='ocrx_word' id='word_1_281' title='bbox 445 3275 513 3347; x_wconf 90' lang='lat' dir='ltr'><strong>ecit,</strong></span> <span class='ocrx_word' id='word_1_282' title='bbox 528 3283 659 3354; x_wconf 91' lang='lat' dir='ltr'><strong>togaque</strong></span> <span class='ocrx_word' id='word_1_283' title='bbox 680 3284 710 3336; x_wconf 91' lang='lat' dir='ltr'><strong>et</strong></span> <span class='ocrx_word' id='word_1_284' title='bbox 729 3275 828 3335; x_wconf 79' lang='lat' dir='ltr'><strong>iorum</strong></span> <span class='ocrx_word' id='word_1_285' title='bbox 848 3277 999 3355; x_wconf 89' lang='lat' dir='ltr'><strong>placuere,</strong></span> <span class='ocrx_word' id='word_1_286' title='bbox 1013 3298 1082 3357; x_wconf 87' lang='lat' dir='ltr'><strong>pro·</strong></span> 
     </span>
     <span class='ocr_line' id='line_1_39' title="bbox 178 3353 1081 3435; baseline 0.004 -19"><span class='ocrx_word' id='word_1_287' title='bbox 178 3357 341 3417; x_wconf 88' lang='lat' dir='ltr'><strong>clamando</strong></span> <span class='ocrx_word' id='word_1_288' title='bbox 355 3376 410 3434; x_wconf 91' lang='lat' dir='ltr'><strong>pro</strong></span> <span class='ocrx_word' id='word_1_289' title='bbox 424 3353 553 3414; x_wconf 88' lang='lat' dir='ltr'><strong>sordidis</strong></span> <span class='ocrx_word' id='word_1_290' title='bbox 573 3353 748 3414; x_wconf 90' lang='lat' dir='ltr'><strong>hominibus</strong></span> <span class='ocrx_word' id='word_1_291' title='bbox 762 3356 920 3435; x_wconf 89' lang='lat' dir='ltr'><strong>causisque</strong></span> <span class='ocrx_word' id='word_1_292' title='bbox 933 3358 1081 3420; x_wconf 84' lang='lat' dir='ltr'><strong>adversus</strong></span> 
     </span>
     <span class='ocr_line' id='line_1_40' title="bbox 177 3431 1079 3518; baseline 0.003 -23"><span class='ocrx_word' id='word_1_293' title='bbox 177 3457 241 3496; x_wconf 88' lang='lat' dir='ltr'><strong>rem</strong></span> <span class='ocrx_word' id='word_1_294' title='bbox 255 3445 286 3497; x_wconf 88' lang='lat' dir='ltr'><strong>et</strong></span> <span class='ocrx_word' id='word_1_295' title='bbox 299 3434 413 3496; x_wconf 86' lang='lat' dir='ltr'><strong>famam</strong></span> <span class='ocrx_word' id='word_1_296' title='bbox 427 3431 575 3494; x_wconf 91' lang='lat' dir='ltr'><strong>bonorum</strong></span> <span class='ocrx_word' id='word_1_297' title='bbox 589 3432 724 3512; x_wconf 90' lang='lat' dir='ltr'><strong>primum</strong></span> <span class='ocrx_word' id='word_1_298' title='bbox 745 3433 778 3494; x_wconf 88' lang='lat' dir='ltr'><strong>in</strong></span> <span class='ocrx_word' id='word_1_299' title='bbox 799 3435 942 3498; x_wconf 88' lang='lat' dir='ltr'><strong>notitiam</strong></span> <span class='ocrx_word' id='word_1_300' title='bbox 961 3437 1079 3518; x_wconf 91' lang='lat' dir='ltr'><strong>populi,</strong></span> 
     </span>
    </p>
   </div>
   <div class='ocr_carea' id='block_1_4' title="bbox 0 0 1312 3790">
    <p class='ocr_par' dir='ltr' id='par_1_12' title="bbox 0 0 1312 3790">
     <span class='ocr_line' id='line_1_41' title="bbox 0 0 1312 3790; baseline 0 1"><span class='ocrx_word' id='word_1_301' title='bbox 0 0 1312 3790; x_wconf 95' lang='lat' dir='ltr'><strong> </strong></span> 
     </span>
    </p>
   </div>
  </div>
 </body>
</html>
