2572 3790
479 228 614 277 nrnna
639 230 664 296 1,
692 213 823 278 33-34.
1105 213 1150 280 53

192 386 363 470 comminus
378 407 448 448 cum
462 387 609 448 Romanis
629 386 717 466 signa
737 384 916 448 contulerat.
957 384 1010 446 Ad
1024 383 1094 447 ulti·

191 488 279 527 mum
306 467 447 528 omnibus
474 468 568 547 copiis
595 467 713 528 conisus
736 467 842 527 Ancus
870 467 935 528 acie
961 466 1094 544 primum

192 547 300 621 vincit,
315 546 386 608 inde
399 547 516 626 ingenti
552 547 645 608 raeda
658 557 764 626 potens
779 547 910 607 Romam
923 545 1012 618 redit,
1027 555 1094 606 tum

192 646 314 707 quoque
333 625 440 688 multis
459 568 585 688 milidus
605 625 789 688 Latinorum
812 626 845 686 in
867 626 1024 688 civitatem
1046 646 1094 687 ac·

192 709 298 787 ceptis,
312 707 431 787 quibus,
446 717 481 768 ut
496 708 679 788 jungeretur
698 706 820 768 Palatio
839 705 1041 781 Aventinum,
1053 705 1095 768 ad
1128 709 1149 769 5

192 786 333 848 Murciae
346 788 436 848 datae
446 787 540 850 sedes.

231 867 415 930 «Ianiculum
434 887 475 947 qu
516 888 555 928 ue
574 866 738 949 adjectum,
750 888 813 929 non
833 866 937 947 inopia
957 865 1027 940 loci,
1041 865 1094 928 sed

191 967 231 1008 ne
245 947 368 1028 quando
381 968 418 1008 ea
431 968 489 1008 arx
524 948 635 1010 ostium
649 959 734 1010 esset.
768 947 807 1009 Id
818 968 879 1009 uon
891 967 977 1008 muro
985 946 1094 1020 solum,

191 1027 245 1088 sed
267 1028 361 1090 etiam
383 1027 423 1089 ob
447 1027 693 1089 commoditatem
707 1027 824 1089 itineris
842 1035 934 1106 ponte
954 1026 1093 1100 sublicio,

191 1116 260 1170 tum
280 1108 414 1188 primum
433 1108 467 1168 in
486 1107 590 1168 Tiberi
610 1109 701 1182 sacto,
714 1109 859 1189 conjungi
879 1106 947 1168 urbi
966 1106 1092 1186 placuit.
1107 1107 1148 1168 10

192 1188 365 1266 Quiritium
385 1208 505 1269 quoque
523 1187 613 1262 fossa,
626 1188 704 1250 haut
720 1203 851 1268 parvum
870 1187 1092 1247 munimentum
1084 1227 1148 1262 s

192 1289 213 1329 a
233 1267 423 1348 planioribus
443 1268 529 1330 aditu
550 1268 634 1343 locis,
649 1268 731 1330 Anci
752 1268 831 1348 regis
850 1287 927 1348 opus
946 1275 1000 1328 est.
1041 1265 1091 1326 In·
1191 1269 1196 1297 ¹

192 1348 279 1428 genti
292 1347 477 1409 incremento
494 1347 584 1409 rebus
604 1349 711 1420 auctis,
726 1368 795 1408 cum
809 1348 842 1408 in
855 1356 943 1407 tanta
957 1346 1094 1406 multitu·

192 1429 266 1488 dine
287 1427 455 1502 hominum,
477 1427 653 1489 discrimine
675 1437 755 1489 recte
776 1446 817 1487 an
838 1446 998 1506 perperam
1019 1425 1094 1486 facti

192 1507 328 1581 confirm,
342 1507 481 1569 facinora
502 1507 692 1569 clandestina
715 1508 830 1582 tierent,
851 1525 954 1568 career
975 1505 1015 1565 ad
1037 1513 1094 1566 ter·
1109 1503 1148 1566 15

192 1608 293 1650 rorem
316 1587 509 1650 increscentis
536 1588 683 1649 audaciae
710 1587 813 1648 media
839 1585 915 1648 urbe
941 1585 1093 1646 inminens
1126 1657 1142 1670 μ

191 1669 260 1730 foro
280 1667 467 1730 aedificatur.
1080 1671 1123 1699 s

234 1748 300 1809 Nec
321 1747 393 1810 urbs
413 1757 534 1810 tantum
554 1747 613 1810 hoc
633 1769 705 1828 rege
723 1747 830 1822 crevit,
843 1747 896 1810 sed
912 1746 1005 1808 etiam
1021 1766 1095 1827 ager

191 1827 346 1909 finesque:
367 1829 447 1892 silva
466 1829 579 1890 Messia
592 1828 775 1892 Veientibus
789 1828 932 1907 adempta
945 1826 1094 1906 usquead

191 1928 278 1969 mare
291 1908 453 1988 imperium
466 1909 630 1990 prolatum,
639 1917 670 1970 et
683 1909 715 1968 in
730 1927 781 1970 ore
793 1907 911 1968 Tiberis
921 1906 1009 1968 Ostia
1022 1906 1094 1966 urbs
1109 1904 1149 1967 20
1218 1967 1225 1974 ,

192 1988 336 2062 condita;
356 1989 472 2050 salinae
486 1989 569 2049 circa
581 1987 722 2062 lacteae
758 1987 883 2068 egieque
903 1986 993 2048 rebus
1013 1985 1095 2048 bello
1124 1973 1209 2016 s

191 2069 295 2150 gestis,
308 2068 392 2129 aedis
406 2068 428 2131 J
429 2069 494 2132 ovis
509 2069 638 2130 Feretrii
651 2089 702 2129 am
737 2069 848 2129 ilicata

233 2148 397 2211 XXXIV.
438 2148 528 2210 Anco
542 2157 689 2229 regnante
702 2089 851 2222 insumo,
865 2148 913 2210 vir
926 2146 1046 2227 inpiger
1058 2166 1095 2208 ac

192 2228 312 2292 divitiis
321 2237 436 2308 potens,
446 2229 577 2291 Romam
588 2227 953 2308 commigravitcupidine
962 2228 1096 2287 maxime

192 2329 231 2370 ac
251 2329 305 2389 spe
324 2309 429 2389 magni
448 2308 581 2383 honoris,
602 2309 688 2402 cujus
712 2307 900 2388 adipiscendi
920 2306 1095 2387 Tarquiniis
1109 2305 1149 2366 25

195 2391 284 2463 (nam
310 2389 355 2450 ibi
382 2409 501 2470 quoque
527 2409 689 2470 peregrina
717 2389 811 2468 stirpe
839 2388 986 2449 oriundus
1013 2387 1094 2462 erat)

193 2469 327 2531 facultas
339 2490 402 2532 non
415 2469 525 2531 fuerat.
565 2469 726 2530 Demarati
743 2468 895 2530 Corinthii
915 2467 997 2529 filius
1018 2477 1094 2542 erat,

195 2551 249 2630 qui
263 2550 302 2612 ob
316 2551 477 2612 seditiones
491 2549 581 2612 domo
592 2551 738 2632 profugus
749 2570 820 2612 cum
830 2549 1004 2628 Tarquiniis
1017 2549 1097 2610 forte

195 2630 385 2704 consedisset,
399 2651 495 2692 uxore
509 2631 554 2692 ibi
568 2630 670 2705 ductu,
685 2631 759 2692 duos
779 2631 857 2692 filios
877 2629 991 2711 genuit.
1033 2629 1177 2703 lien...

194 2711 280 2771 mina
300 2711 348 2772 his
368 2710 507 2773 Lucumo
528 2721 620 2792 atque
639 2712 762 2773 Arruns
781 2711 914 2774 fuerunt.
936 2701 1096 2794 [Eucumo
1111 2709 1151 2771 30

194 2791 346 2870 superfuit
359 2793 441 2872 patri
455 2793 605 2854 bonorum
615 2793 752 2854 omnium
762 2793 866 2866 heres;
881 2793 1002 2854 Arruns
1012 2792 1096 2872 prior

194 2891 288 2952 quarn
302 2882 390 2952 pater
403 2873 539 2947 moritur,
554 2894 650 2935 uxore
663 2873 793 2953 gravida
807 2873 921 2934 relicta.
961 2871 1028 2934 Nec
1042 2872 1096 2932 diu
1206 2911 1212 2918 ψ

194 2961 300 3014 manet
312 2963 462 3094 supeerstes
476 2953 541 3014 filio
555 2962 658 3034 pater;
675 2954 728 3033 qui
738 2954 970 3034 cum,ignorans
984 2973 1096 3014 nurum

194 3041 334 3096 ventrem

193 3121 249 3187 set,
263 3132 367 3192 puero,
381 3121 450 3193 post
468 3112 521 3176 avi
542 3122 669 3174 mortem
689 3113 722 3173 in
744 3113 861 3174 nullam
881 3123 991 3175 sortem
1005 3113 1096 3174 bono-
1111 3111 1149 3172 35

194 3213 264 3254 nrm
278 3203 361 3269 nato,
375 3192 416 3254 ab
429 3193 534 3273 inopia
551 3192 664 3272 Egerio
680 3192 815 3254 inditum
835 3213 973 3294 nomen!
994 3192 1096 3284 Trucuss

194 3272 280 3366 moni
293 3283 410 3346 contra,
425 3273 561 3335 omnium
581 3271 687 3332 heredi
708 3272 867 3343 bonorum,
882 3292 951 3331 cum
970 3270 1098 3329 drvrtrae

213 3372 264 3412 am
286 3355 404 3414 animos
425 3353 571 3422 facerent,
588 3344 678 3412 auxit
699 3351 794 3411 ducta
815 3351 848 3408 in
870 3348 1098 3408 matrimonium

195 3373 359 3514 Tanaquil,
368 3452 487 3494 summo
500 3431 568 3493 loco
581 3439 656 3490 nata
669 3439 700 3492 et
713 3449 791 3508 quae
804 3427 888 3487 haud
902 3425 992 3484 facile
1006 3423 1051 3494 iis,
1065 3423 1098 3479 in

378 3053 436 3107 rre,
450 3033 600 3094 inmemor
615 3034 648 3093 in
662 3034 802 3094 testando
822 3034 940 3113 nepotis
958 3033 1096 3095 decessis-
