2616 3790
131 205 195 270 124
295 221 387 268 rrnr
417 220 515 270 nrvr
542 220 598 267 aa
623 219 741 268 vana
769 217 967 267 counrrn

182 396 285 438 morae
298 377 380 455 quod
394 375 530 437 nondum
545 384 719 456 pugnarent
739 375 780 436 ad
800 374 948 455 potienda
968 375 1096 456 sperata

183 458 252 531 rati,
267 457 414 536 proelium
430 476 490 516 uno
505 457 607 516 animo
623 466 653 516 et
668 476 741 518 vooe
755 476 818 515 una
833 464 972 535 poscunt.

223 536 346 597 XLVI.
389 536 479 615 Aput
492 536 648 596 Romanos
664 536 900 614 hautquaquam
920 545 1011 596 tanta
1031 536 1097 597 ala·

184 617 275 678 critas
299 625 373 689 erat,
399 635 490 695 super
517 625 618 676 cetera
645 615 820 676 recentibus
847 616 943 676 etiam
966 615 1096 677 'territos

151 701 169 761 5
184 697 346 776 prodigiis3
368 716 440 756 nam
455 705 486 756 et
499 695 591 774 lupus
605 695 777 757 intraverat
791 704 892 757 castra
906 695 1097 776 laniatisque

184 775 281 837 obviis
305 777 369 855 ipse
393 777 526 837 intactus
551 784 698 848 evaserat,
723 783 755 835 et
778 795 909 836 examen
938 796 1035 856 opum
1061 777 1096 837 in

184 854 291 915 arbore
311 857 462 935 praetorio
482 856 660 915 imminente
680 855 868 917 consederat.

224 935 344 1012 Quibus
358 937 537 1014 procuratis,
552 934 656 1014 Scipio
670 954 742 995 cum
756 935 896 1014 equitatu
913 936 1097 1015 jaculator-i·¹

184 1013 301 1093 busque
314 1015 465 1094 expeditis
479 1015 632 1095 profectus
650 1014 691 1074 ad
706 1022 807 1075 castra
821 1014 957 1076 hostium
971 1037 1012 1076 ex
1026 1036 1097 1095 pro·

127 1095 305 1177 ·10pinquo
333 1097 489 1178 copiasque
516 1106 648 1176 quantae
675 1107 706 1158 et
734 1099 821 1177 eujus
849 1099 970 1177 generis
998 1107 1099 1160 essent

191 1177 398 1256 speculandas,
412 1177 520 1238 obvius
540 1177 576 1238 fit
596 1175 770 1250 Hannibali
790 1185 822 1238 et
842 1177 901 1257 ipsi
922 1199 992 1240 cum
1013 1180 1099 1258 equi-

192 1256 273 1317 tibus
301 1257 340 1317 ad
368 1257 557 1336 exploranda
581 1257 663 1317 circa
686 1257 754 1316 loca
774 1277 940 1336 progresso.
982 1258 1098 1319 Neutri

192 1335 303 1396 alteros
316 1336 415 1415 primo
436 1336 616 1408 cernebant;
637 1336 758 1396 densior
779 1336 889 1397 deinde
909 1338 1027 1398 incessu
1049 1347 1099 1398 tot

192 1415 349 1475 hominum
366 1435 511 1496 equorum
588 1415 687 1476 oriens
707 1415 810 1494 pulvis
830 1417 953 1496 signum
974 1418 1099 1496 propin-

138 1500 176 1561 15
190 1496 349 1573 quantium
363 1494 494 1554 hostium
522 1495 576 1556 uit.
619 1494 766 1556 Consistit
787 1505 954 1576 utrumque
974 1517 1098 1576 agmen,

190 1584 221 1635 et
234 1574 274 1634 ad
287 1574 436 1653 proelium
452 1594 516 1635 sese
532 1575 745 1654 expediebant
788 1575 891 1656 Scipio
908 1577 1099 1657 jaculatores

191 1664 221 1714 et
235 1653 341 1715 Gallos
357 1655 472 1732 equitas
487 1656 518 1713 in
533 1653 634 1715 fronte
648 1656 739 1728 locat,
755 1656 912 1718 Romanos
933 1657 1099 1718 sociorum·

191 1753 250 1814 que
264 1734 344 1812 quod
358 1733 473 1794 roboris
487 1734 547 1794 fuit
560 1735 593 1794 in
606 1736 767 1808 subsidiis;
783 1736 946 1796 Hannibal
962 1737 1099 1798 frenatos

154 1816 156 1822 '
191 1811 306 1906 equites
326 1813 359 1873 in
380 1812 514 1873 medium
537 1815 659 1894 accipit,
681 1836 796 1876 cornua
818 1816 963 1877 Numidis
983 1817 1098 1878 firmat.

139 1899 179 1962 20
193 1895 333 1956 Vixdum
353 1892 485 1954 clamore
504 1894 634 1968 sublato,
644 1896 831 1975 jaculatores
852 1895 1000 1976 fugerunt
1017 1898 1100 1958 inter

192 1973 327 2035 subsidia
354 1974 393 2033 ad
420 1975 585 2035 secundam
612 1977 719 2036 aciem.
761 1976 841 2036 Inde
868 1977 1008 2056 equitum
1037 1998 1100 2038 cer·

192 2063 295 2116 tamen
309 2062 375 2114 erat
388 2053 579 2133 aliquamdiu
593 2076 722 2136 anceps;
746 2056 826 2130 dein,
841 2057 916 2136 quia
929 2056 1108 2118 turbabant·

193 2155 284 2214 equos
298 2134 412 2213 pedites
431 2135 610 2209 intermixti,
626 2137 733 2198 multis
755 2136 932 2197 labentibus
953 2157 993 2197 ex
1014 2139 1101 2216 equis

193 2225 248 2276 aut
262 2213 470 2274 desilientibus
490 2215 545 2274 ubi
565 2236 634 2276 suos
652 2217 750 2296 premi
767 2218 993 2279 circumventos
1007 2217 1102 2279 vidis-

140 2297 180 2362 25
194 2305 269 2368 sent,
279 2295 345 2374 jam
367 2314 479 2373 magua
499 2315 538 2354 ex
559 2305 647 2374 parte
668 2298 709 2357 ad
730 2297 821 2376 pedes
842 2317 948 2376 pugna
961 2305 1101 2370 venerat,

194 2376 289 2436 donec
310 2374 472 2447 Numidae,
493 2375 547 2453 qui
568 2377 601 2435 in
622 2377 764 2437 cornibus
785 2387 883 2450 eraut,
900 2376 1103 2439 circumvecti

194 2456 321 2536 paulum
341 2454 381 2515 ab
401 2465 486 2534 tergo
505 2475 537 2516 se
558 2456 767 2530 ostenderunt,
806 2456 838 2517 Is
853 2477 949 2536 pavor
966 2457 1102 2536 perculit

196 2537 359 2610 Romanos,
383 2537 530 2616 auxitque
555 2557 700 2616 pavorem
727 2537 859 2598 consulis
884 2537 998 2598 vulnus
1022 2537 1103 2616 peri·

196 2617 359 2756 cullumque
383 2616 552 2678 intercursu
577 2627 644 2678 tum
668 2617 802 2697 primum
823 2616 1017 2696 pubescentis
1043 2617 1103 2677 filii

143 2701 183 2765 30
217 2718 238 2758 u
252 2705 359 2756 satum.

196 2719 216 2778 p
237 2777 301 2836 Hic
314 2785 379 2836 erat
389 2777 519 2855 juvenis,
534 2797 624 2858 penes
638 2797 729 2856 quem
743 2777 871 2856 perfecti
885 2777 1011 2856 hujusce
1024 2777 1101 2841 belli

198 2859 264 2919 laus
278 2865 331 2930 est,
345 2857 512 2918 Africanus
529 2858 567 2918 ob
582 2859 735 2937 egregiam
750 2858 911 2918 victoriam
926 2857 965 2917 de
979 2856 1098 2917 Hanni·

197 2939 267 3001 bale
281 2938 449 3017 Poenisque
463 2938 644 3018 appellatus.
687 2937 777 3016 Fuga
791 2947 895 2998 tamen
910 2937 1005 2996 effusa
1014 2937 1103 3014 jacu-

198 3023 330 3083 latorum
352 3038 494 3079 maxume
515 3019 583 3092 fuit,
599 3039 673 3099 quos
688 3019 801 3097 primos
816 3017 970 3078 Numidae
984 3017 1104 3078 invase-

147 3106 184 3165 35
198 3109 288 3172 runt;
310 3099 389 3158 alius
409 3098 561 3158 confertus
582 3099 735 3176 equitatus
749 3098 903 3159 consulem
917 3097 948 3156 in
964 3096 1103 3157 medium

200 3189 367 3258 acceptum,
380 3197 441 3235 uon
455 3178 547 3236 armis
561 3178 660 3250 modo,
674 3179 726 3237 sed
741 3179 833 3238 etiam
848 3176 1026 3256 corporibus
1039 3177 1103 3238 suis

200 3268 368 3339 protegens,
389 3257 421 3314 in
446 3264 545 3315 castra
569 3276 719 3335 nusquam
743 3257 984 3336 trepidansque
1008 3257 1104 3317 effuse

202 3337 334 3398 cedendo
349 3335 480 3393 reduxit.
521 3334 640 3397 Servati
660 3336 792 3396 consulis
809 3337 900 3396 decus
917 3335 1040 3396 Coelius
1061 3337 1103 3396 ad

201 3434 321 3476 servum
335 3414 457 3472 natione
469 3411 617 3490 Ligurem
630 3414 766 3494 delegat;
787 3416 893 3481 malim
907 3416 1048 3496 equidem
1063 3415 1104 3476 de
