2616 3790
330 719 586 802 [PERIOCHA
616 718 752 792 LIBRI
780 718 917 801 XXII]

180 1029 327 1090 [Hartman
346 1045 391 1093 per
411 1031 539 1078 oontinuas
561 1031 661 1090 vigiliae
683 1031 709 1076 in
731 1030 861 1088 paludibus
884 1029 952 1076 oonlo
973 1029 1062 1074 amisso
1081 1028 1108 1074 in

149 1091 272 1137 Etruriam
288 1093 363 1148 venit,
396 1107 422 1137 er
437 1105 498 1154 quas
532 1093 617 1137 aludes
633 1091 770 1152 quadriduo
787 1093 811 1136 et
827 1091 904 1136 tribus
923 1090 1033 1136 noetibue
1056 1089 1108 1136 sine

148 1153 199 1198 ulla
212 1153 296 1223 requie
311 1154 358 1198 iter
373 1107 437 1224 ignit.
471 1153 496 1199 0.
514 1106 651 1224 §.taminiae
669 1153 759 1223 oonsul,
772 1151 843 1196 homo
859 1151 1007 1222 temerarius,
1024 1155 1109 1196 eontra

148 1212 845 1334 :alitigitis:zuatulii‘sstliiliiulit
852 1212 1108 1317 ttulistis

148 1333 202 1379 bale
212 1334 390 1379 oiroumventus
401 1335 432 1380 ad
444 1334 654 1391 Thrasymennum
672 1335 751 1378 laonm
768 1346 822 1378 oum
838 1333 946 1377 exeroitu
962 1345 1045 1376 oaesus
1062 1336 1107 1377 est.

149 1407 191 1439 sex
202 1394 277 1449 milia,
289 1408 351 1455 quae
362 1398 498 1455 eruperant,
510 1395 557 1440 flde
574 1394 604 1440 ab
617 1393 748 1438 Atherbale
766 1394 831 1448 data,
842 1393 945 1453 perfidia
961 1392 1108 1438 Hannibalis

148 1455 232 1500 vineta
242 1459 306 1500 sunt.
337 1469 391 1500 oum
403 1456 434 1501 ad
446 1455 558 1501 nuntium
569 1455 646 1500 oladis
665 1454 757 1499 Romae
768 1454 847 1498 luotus
859 1457 929 1508 esset,
941 1452 1002 1497 duae
1018 1457 1108 1498 matres

149 1529 179 1560 ex
195 1516 318 1576 insperato
334 1517 437 1578 reoeptis
453 1516 510 1560 illiia
526 1515 617 1573 gaudio
634 1518 745 1560 mortuae
762 1517 826 1560 aaut.
858 1514 889 1558 ob
900 1513 962 1558 hano
973 1514 1065 1558 oladem
1076 1527 1108 1559 ex

149 1575 275 1632 Sibyllinis
292 1575 359 1620 libris
371 1589 414 1621 rer
429 1589 523 1621 eaerum
534 1579 625 1622 votum.
659 1589 713 1620 oum
731 1574 819 1620 deinde
835 1573 862 1628 Q.
878 1573 967 1619 Fabius
984 1574 1109 1620 Maximus

149 1636 253 1681 diotator
263 1635 379 1682 adversas
392 1637 553 1682 Hannibalem
569 1637 657 1682 missus
675 1636 751 1681 nollet
763 1636 815 1681 aoie
825 1648 879 1680 oum
891 1647 919 1679 eo
929 1634 1065 1692 eondigere,
1078 1648 1109 1680 ne

149 1700 234 1741 oontra
248 1695 350 1741 feronem
367 1698 521 1744 totviotoriis
538 1697 632 1742 hortm
659 1696 750 1742 territa
779 1696 888 1742 adversis
922 1695 1003 1740 rooliis
1019 1696 1109 1740 milites

149 1769 246 1818 pugnae
259 1758 419 1802 oommitteret
430 1762 454 1803 et
465 1757 608 1818 opponendo
625 1770 651 1802 se
669 1759 764 1803 tantum
782 1759 883 1802 oonatus
901 1709 1047 1802 gannibalis
1064 1755 1109 1800 im-

149 1817 251 1878 pediret,
270 1817 303 1862 M.
322 1817 444 1863 Minuoius
462 1819 578 1876 magister
596 1818 712 1878 equitum,
731 1817 799 1863 ferox
819 1821 844 1862 et
862 1816 1011 1871 temerarius,
1028 1816 1110 1861 orimi-

149 1876 230 1921 nando
242 1876 383 1924 dlotatorem
395 1881 518 1940 tamquam
530 1891 627 1936 segnem
639 1883 663 1924 et
675 1878 788 1924 timidum
800 1878 886 1933 effeoit,
898 1881 926 1922 ut
941 1877 1025 1937 populi
1041 1877 1111 1922 iussu

150 1941 294 1998 aequaretur
304 1939 326 1982 el
337 1953 391 1984 ourn
403 1940 519 1985 diotatore
530 1940 673 2000 imperium
691 1940 819 2012 divisoque
830 1939 938 1984 exereitu
954 1951 1008 1982 oum
1024 1938 1109 1998 iniquo

150 1999 202 2043 looo
217 1998 367 2044 oontiixissot
382 2004 406 2044 et
422 2000 447 2044 in
464 2001 571 2045 maximo
588 2001 728 2046 disorimine
742 2001 849 2058 logron'es
862 1999 914 2044 eius
925 2003 1012 2054 essent,
1024 2010 1110 2058 super·

150 2057 262 2103 veniente
278 2073 332 2104 oum
349 2061 456 2105 exereitn
472 2060 547 2106 Fabio
564 2061 673 2106 Maximo
691 2061 830 2106 diaorimine
848 2060 964 2104 liberatus
984 2062 1029 2102 eet.
1061 2071 1110 2118 quo

150 2119 265 2163 benedoio
276 2119 355 2164 rietus
366 2126 447 2166 eastra
457 2135 511 2166 oum
523 2134 550 2166 eo
562 2122 644 2167 iunxit
655 2127 680 2166 et
691 2126 786 2182 patrem
798 2135 852 2166 eum
866 2120 982 2165 salutavit
997 2119 1111 2180 idemque

151 2179 228 2224 faeere
249 2180 339 2224 milites
359 2181 438 2226 iussit.
470 2181 595 2228 Hannibal
611 2185 710 2228 vastata
733 2183 868 2243 Campania
889 2182 954 2226 inter
975 2180 1112 2226 Casilinum

150 2239 267 2301 oppidum
283 2243 308 2284 et
324 2241 464 2287 Gallionlam
482 2247 588 2287 montem
607 2257 622 2287 a
641 2242 716 2288 Fabio
734 2244 815 2288 alueus
833 2242 961 2288 sarmentis
975 2240 1007 2285 ad
1019 2253 1112 2286 ooruua

151 2299 223 2345 Mum
239 2301 346 2358 alligatis
363 2305 387 2346 et
403 2303 507 2348 ineensis
526 2303 674 2363 praesidium
693 2303 865 2359 Romanorum,
883 2304 949 2365 quod
968 2302 1111 2347 Calliculam

151 2360 279 2416 insidebat,
290 2361 386 2419 fugarit
395 2363 460 2408 etsie
468 2367 633 2422 transgressus
644 2367 682 2409 est
693 2366 789 2410 saltum.
818 2364 929 2425 idemque
936 2363 997 2409 Fabi
1007 2361 1112 2407 Maximi

151 2420 283 2477 diotatoris,
302 2436 356 2467 oum
372 2423 544 2528 oiroumposita
558 2429 645 2480 ureret,
657 2439 716 2484 agro
733 2439 764 2497 pe
783 2426 850 2481 erait,
864 2426 974 2470 utillum
986 2427 1035 2469 tam
1055 2439 1112 2469 uam

150 2480 298 2542 proditorem
309 2488 447 2544 suspeotum
468 2487 555 2530 aoeret.
587 2484 690 2530 Aemillo
703 2439 791 2532 deinde
803 2487 879 2531 Paulo
890 2490 914 2531 et
925 2486 1038 2532 Terentio
1073 2500 1112 2530 ar-

152 2554 210 2586 rone
220 2543 357 2588 oonsulibus
370 2543 415 2602 [et]
427 2544 528 2590 duoibns
540 2558 594 2590 oum
606 2547 714 2591 maxima
729 2547 797 2592 olade
814 2547 929 2592 adversus
947 2547 1112 2592 Hannibalem

152 2613 184 2657 ad
203 2612 299 2658 Cannas
318 2620 453 2674 pugnatum
471 2620 508 2662 est
529 2631 646 2679 oaesaque
667 2633 696 2664 eo
715 2620 807 2680 proelio
825 2619 986 2666 Romanorum
1004 2607 1112 2665 :dueum

153 2673 229 2742 Paulo
250 2675 347 2720 oonrule
368 2680 393 2720 et
413 2678 565 2724 senatoribus
584 2693 614 2724 xo
633 2683 658 2725 et
677 2681 844 2726 consularibus
862 2685 905 2727 aut
921 2682 1050 2742 praetoriis
1069 2683 1113 2726 aut

152 2733 269 2778 aedilroiia
290 2749 349 2780 xxx.
380 2741 437 2797 post
457 2751 520 2799 quae
540 2752 594 2785 oum
616 2755 632 2786 a
653 2741 774 2786 nobilibus
796 2742 991 2788 adulesoentibus
1010 2750 1112 2802 propter

153 2794 342 2864 desperationem
358 2798 486 2844 eonsilium
503 2799 532 2845 de
549 2801 710 2862 relinquenda
726 2801 802 2848 Italia
818 2803 929 2858 iniretur,
942 2803 969 2848 P.
987 2803 1113 2848 Cornelius

153 2853 232 2924 Serpio
243 2855 354 2926 triqunus
366 2857 478 2928 militum,
489 2861 531 2921 qui
543 2860 672 2907 Afrioanus
683 2865 770 2922 postea
780 2867 879 2908 vooatue
891 2865 935 2919 est,
945 2863 1029 2908 striato
1040 2875 1114 2924 snper

152 2914 1115 3042 titiilluditistittt'stiltiillustrius*{¹2

153 3035 252 3103 I—ta-liam
271 3036 444 3085 iureiurando
468 3015 685 3100 adstringeredtnr.
718 3048 818 3105 propter
838 3045 986 3105 paaoitatem
1008 3045 1114 3090 militum

153 3109 197 3153 viii
217 3121 341 3154 servorum
361 3117 456 3157 armata
475 3116 540 3158 snut.
572 3116 672 3174 captivi,
685 3129 739 3160 oum
759 3121 868 3177 potestas
886 3119 951 3162 esset
970 3117 1114 3170 redimendi,

153 3168 271 3229 redempti
287 3183 337 3215 non
354 3177 417 3216 sunt.
450 3176 577 3232 praeterea
587 3176 774 3234 trepidationem
786 3177 853 3221 urbis
864 3179 889 3221 ot
900 3178 991 3222 lnotum
1003 3181 1027 3221 et
1039 3179 1114 3222 resin

154 3227 275 3288 Hispania
283 3231 381 3274 meliore
393 3236 481 3276 eventu
493 3236 574 3289 gestas
585 3236 700 3280 eontinet.
732 3235 829 3296 Opimia
836 3239 861 3282 et
870 3237 995 3282 Florentia
1002 3237 1115 3282 Vestales

153 3288 262 3345 virgines
273 3289 358 3334 inoesti
371 3290 500 3335 damnatae
512 3297 575 3336 eunt.
607 3293 713 3341 Varroni
722 3295 819 3342 obviam
830 3297 891 3343 itum
899 3300 923 3342 et
931 3298 1025 3356 gratioe
1037 3301 1115 3354 antae,

153 3348 218 3408 quod
228 3349 258 3394 do
270 3363 296 3394 re
308 3349 408 3407 publiea
418 3363 465 3394 nou
478 3350 647 3412 desperasset]

916 3505 965 3556 142
