2616 3790
456 271 592 318 arasa
616 271 709 336 nr,
736 255 868 320 38-40.
1083 257 1166 350 ,117

212 427 352 510 squalida
376 434 407 488 et
430 447 524 507 prope
548 427 672 488 efferata
699 447 825 508 corpora
848 427 933 490 varie
961 427 1113 492 movebat.

212 511 259 570 Ea
273 508 308 570 P.
323 508 465 569 Cornelio
480 507 597 568 consuli
611 527 701 568 causa
715 509 783 581 fuit,
799 529 867 568 cum
883 508 969 568 Pisas
983 510 1115 572 navibus

212 591 352 662 venisset,
366 588 502 648 exercitu
520 608 539 647 a
557 587 676 647 Manlio
691 586 791 648 Atilio
813 607 850 647 ue
870 597 996 668 accepto
1016 590 1115 652 tirone

212 678 242 730 et
254 670 286 729 in
302 669 390 730 novis
404 667 578 747 ignominiis
593 667 719 746 trepido,
735 667 775 727 ad
823 667 917 728 adum
939 669 1114 744 festinandi,

212 758 247 811 ut
259 769 330 809 oum
345 748 430 808 hoste
444 747 579 808 nondum
594 749 706 807 refecto
717 767 825 808 manus
836 759 1013 810 consereret
1055 751 1113 812 Sed
1149 752 1168 812 5

212 849 280 890 cum
292 827 483 888 Placentiam
495 827 597 888 consul
610 827 703 899 venit,
714 827 780 906 jam
794 848 834 887 ex
848 828 969 890 stativis
979 840 1115 894 moverat

211 907 383 980 Hannibal,
397 907 659 986 Taurinorumque
672 927 766 966 unam
781 906 898 982 urbem,
913 913 1115 990 caputgentis

209 986 280 1063 ejus,
302 985 375 1062 quia
401 984 530 1046 volentis
557 985 589 1044 in
617 985 782 1048 amicitiam
810 1009 870 1048 nou
890 990 1061 1064 veniebant,
1080 993 1113 1054 vi

209 1073 417 1142 expugnarat3
452 1071 477 1124 cl
499 1065 651 1144 junxisset
670 1067 727 1126 sibi
748 1088 809 1129 non
830 1079 913 1130 metu
934 1071 1040 1144 solum,
1060 1073 1111 1132 sed

208 1145 301 1204 etiam
315 1143 484 1218 voluntate,
499 1144 607 1206 Gallos
621 1144 741 1205 accolas
756 1145 844 1219 Padi,
860 1147 892 1206 ni
913 1168 962 1209 eos
983 1150 1112 1210 circum·
1127 1151 1166 1214 10

208 1225 373 1304 spectantis
393 1224 569 1284 defectionis
589 1233 709 1304 tempus
729 1225 830 1286 subito
850 1228 984 1289 adventu
1006 1230 1110 1290 consul

208 1304 410 1384 oppressisset.
452 1304 496 1364 Et
524 1303 685 1364 Hannibal
715 1306 812 1367 movit
835 1327 874 1366 ex
898 1307 1049 1382 Taurinis,
1068 1311 1112 1370 in-

209 1394 315 1457 certos,
329 1403 407 1464 quae
427 1403 498 1463 pars
518 1384 672 1464 sequenda
693 1394 777 1459 esset,
797 1385 904 1447 Gallos
925 1399 1112 1468 praesentem

208 1473 362 1526 secuturos
383 1483 445 1524 esse
466 1473 558 1524 ratus.
602 1463 676 1526 darn
691 1485 785 1545 prope
799 1466 830 1525 in
846 1477 1007 1546 conspectu
1026 1479 1113 1530 erant

208 1546 370 1617 exercitus,
386 1553 652 1623 convenerantque
666 1545 766 1619 duces,
781 1547 872 1606 sicuti
889 1547 969 1607 inter
989 1568 1020 1608 se
1040 1550 1166 1612 non-15

208 1626 282 1686 dum
297 1625 369 1684 satis
383 1624 458 1698 noti,
474 1624 519 1684 ita
534 1625 601 1704 jam
622 1624 747 1686 inbutus
768 1635 894 1705 uterque
911 1628 1043 1707 quadam
1060 1629 1111 1689 ad-

208 1706 371 1766 miratione
393 1703 528 1765 alterius.
570 1704 652 1764 Nam
677 1714 708 1765 et
731 1705 919 1767 Hannibalis
943 1707 1025 1787 apud
1051 1709 1111 1770 Ro·

208 1805 314 1846 manos
344 1786 410 1865 jam
446 1794 517 1845 ante
545 1783 674 1864 Sagunti
702 1786 856 1846 excidium
884 1786 1112 1850 celeberrimum

207 1886 318 1927 nomen
346 1874 420 1938 erat,
447 1874 477 1926 et
501 1863 672 1944 Scipionem
698 1865 858 1926 Hannibal
879 1887 914 1928 eo
935 1868 1008 1948 ipso,
1029 1869 1110 1948 quod

208 1947 354 2009 adversus
368 1945 479 2006 sedux
494 1946 684 2026 potissimum
698 1945 794 2006 lectus
808 1956 892 2020 esset,
907 1961 1110 2027 praestantem
1125 1951 1164 2015 20

207 2028 310 2089 virum
340 2026 500 2099 credebat5
529 2034 560 2087 et
587 2034 738 2086 auxerant
765 2027 845 2087 inter
871 2047 902 2088 se
928 2029 1109 2108 opinionem,

131 2167 136 2178 ,
207 2108 321 2188 Scipio,
347 2107 437 2187 quod,
464 2106 588 2167 relictus
615 2106 647 2164 in
676 2105 789 2179 Gallia,
816 2106 924 2169 obvius
951 2109 1051 2168 lirerat
1078 2109 1111 2170 in

205 2188 331 2248 Italiam
358 2198 541 2268 transgresso
569 2187 750 2260 Hannibali,
771 2187 930 2248 Hannibal
946 2195 976 2249 et
1000 2198 1111 2250 conatu

205 2277 269 2328 tam
284 2268 394 2328 audaci
407 2269 643 2328 traiciendarum
657 2267 786 2350 Alpium
801 2277 831 2327 et
844 2269 958 2329 effectu.

245 2345 420 2426 Occupavit
447 2353 550 2405 tamen
578 2345 680 2423 Scipio
708 2347 828 2406 Padum
853 2348 989 2421 traicere,
1013 2356 1044 2409 ct
1067 2349 1107 2410 ad
1122 2353 1162 2415 25

205 2425 347 2486 Ticinum
373 2446 493 2486 amnem
518 2423 607 2484 motis
633 2425 746 2497 castris,
768 2425 943 2504 priusquam
968 2428 1109 2492 educeret

205 2507 238 2566 in
260 2507 366 2579 aciem,
381 2504 640 2566 adhortandorum
664 2504 797 2565 militurn
819 2525 910 2567 causa
929 2506 1022 2568 talem
1043 2529 1108 2571 ora·

205 2587 320 2647 tionem
334 2596 379 2647 est
391 2606 533 2646 exorsus:

245 2667 317 2728 XL.
369 2665 426 2727 “Si
450 2686 519 2726 eum
545 2664 722 2738 exercitum,
745 2664 866 2739 milites,
892 2665 1048 2729 educerem
1073 2669 1106 2731 in

204 2747 311 2820 aciem,
326 2767 416 2826 quem
436 2746 469 2805 in
490 2744 596 2806 Gallia
617 2764 736 2805 mecum
758 2744 861 2819 habui,
876 2749 1105 2826 supersedissem
1120 2753 1160 2815 30

205 2827 289 2906 loqui
304 2826 388 2906 apud
401 2846 472 2898 vos;
493 2825 567 2904 quid
582 2825 663 2885 enim
678 2825 836 2885 adhortari
850 2827 976 2889 referret
989 2838 1043 2890 aut
1057 2851 1105 2892 eos

204 2906 330 2986 equites,
339 2907 392 2986 qui
405 2906 575 2991 equitatum
590 2905 722 2965 hostiurn
737 2905 776 2965 ad
793 2906 978 2968 Rhodanum
993 2909 1106 2971 flumen

204 2987 324 3066 egregie
338 2986 486 3059 vicissent,
498 2994 552 3044 aut
565 3005 615 3045 eas
629 2984 770 3064 legiones,
783 3005 852 3046 cum
867 2988 977 3066 quibus
991 2989 1107 3069 fugien-

205 3075 264 3126 tem
276 3067 360 3127 hunc
371 3067 471 3146 ipsum
482 3065 596 3125 hostem
611 3074 731 3126 secutus
746 3066 960 3127 confessionem
973 3071 1106 3132 cedentis

204 3166 240 3206 ac
255 3145 454 3217 detractantis
468 3153 620 3204 certamen
635 3165 690 3224 pro
705 3145 834 3206 victoria
854 3146 970 3208 habui?
1003 3148 1035 3208 N
1038 3170 1105 3224 unc,
1120 3151 1157 3212 35

205 3226 276 3304 quia
292 3225 345 3286 ille
359 3225 518 3297 exercitus,
533 3223 703 3303 Hispaniae
718 3225 893 3303 provinciae
906 3227 1047 3307 scriptus,
1062 3230 1105 3290 ibi

204 3324 274 3364 cum
289 3305 384 3365 fratre
398 3303 453 3366 Cn.
469 3303 610 3382 Scipione
624 3303 699 3363 meis
713 3305 856 3381 auspiciis
870 3325 934 3365 rem
948 3308 1035 3384 gerit,
1050 3307 1104 3366 ubi

203 3401 273 3443 eum
288 3403 391 3463 gerere
404 3393 526 3444 senatus
540 3382 729 3461 populusque
748 3381 904 3442 Romanus
916 3385 1025 3455 voluit,
1040 3404 1104 3460 ego,

204 3472 238 3524 ut
252 3463 408 3524 consulem
422 3462 530 3522 ducem
544 3461 688 3522 adversus
702 3459 912 3520 Hannibalem
933 3479 968 3518 ac
989 3461 1104 3518 Poenos
