2628 3796
156 199 221 266 202
325 214 417 262 rrrr
442 214 540 265 nrvr
565 212 621 262 Aa
646 211 761 262 vane
789 208 980 259 eornm

206 383 273 436 tum
293 394 332 435 ex
352 371 436 434 omni
456 379 557 433 aetate
576 379 607 432 et
627 370 752 431 fortuna
771 367 907 441 habetis3
931 379 998 430 octo
1018 367 1107 430 milia

205 474 361 516 servorum
374 452 467 513 audio
480 452 603 513 armari.
645 450 717 510 Non
730 450 830 509 minor
842 470 985 510 numerus
1003 461 1107 511 noster

205 546 258 608 est,
267 555 323 596 nec
337 534 451 613 majore
464 532 561 612 pretio
571 531 681 592 redimi
692 550 849 624 possumus
859 550 951 624 quam
965 531 988 591 ii
1002 551 1107 591 emun-

204 623 272 687 tur;
294 634 366 674 nam
379 614 406 674 si
419 612 573 674 conferam
585 631 640 674 nos
653 632 724 673 cum
738 610 809 684 illrs,
823 611 968 690 injuriam
987 610 1106 672 nomini

171 694 345 757 dRomano
367 693 487 754 faciam.
528 691 615 753 Illud
638 693 732 753 etiam
756 692 790 750 in
813 691 871 752 tali
895 690 1019 752 consilio
1039 691 1105 752 ani-

204 772 456 836 madvertendum
476 772 564 836 vobis
584 793 731 846 censeam,
752 780 853 852 patres
881 771 1053 849 conscripti,
1077 770 1104 832 si

204 854 270 934 jam
291 854 426 916 duriores
446 873 509 915 esse
528 853 639 926 velitis,
659 853 742 932 quod
762 851 850 913 nullo
870 860 971 912 nostro
995 852 1104 913 merito

202 935 331 1008 iacietis,
353 934 404 995 cui
423 953 478 995 nos
498 934 579 995 hosti
599 933 738 995 relicturi
759 932 834 994 sitis.
876 930 997 1012 Pyrrho
1017 932 1104 994 vide·

202 1013 282 1088 licet,
304 1014 358 1094 qui
382 1013 536 1094 hospitum
563 1033 690 1074 numero
715 1013 853 1093 captivos
879 1011 1009 1073 habuit?
1048 1011 1103 1074 An

41 1147 44 1154 .
148 1096 187 1158 10
202 1093 332 1155 barbaro
351 1114 388 1155 ac
409 1094 520 1169 Poeno,
541 1094 594 1174 qui
618 1102 723 1154 utrum
746 1093 869 1156 avarior
888 1112 930 1153 an
950 1092 1103 1154 crudelior

199 1175 248 1246 sit,
263 1174 318 1236 vix
332 1175 502 1235 existimari
516 1175 635 1254 potest?
676 1174 710 1236 Si
723 1174 854 1237 videatis
867 1182 998 1248 catenas,
1010 1194 1102 1253 squa-

198 1253 303 1328 lorem,
327 1255 549 1317 deformitatem
575 1255 690 1318 civium
710 1263 891 1328 vestrorum,
914 1273 976 1314 non
999 1255 1102 1316 minus

197 1334 332 1413 profecto
352 1355 407 1398 vos
427 1355 464 1396 ea
483 1336 598 1416 species
622 1343 754 1408 moveat,
775 1354 869 1415 quam
890 1334 916 1396 si
938 1354 978 1396 ex
1001 1333 1101 1396 altera

197 1424 285 1493 parte
308 1415 439 1477 cernatis
461 1423 573 1477 stratas
596 1414 808 1477 Cannensibus
832 1415 948 1495 campis
967 1413 1101 1494 legiones

144 1496 183 1558 15
197 1504 320 1556 vestras.
361 1495 481 1556 Intueri
501 1495 626 1576 potestis
648 1494 887 1558 sollicitudinem
906 1504 937 1556 et
956 1492 1100 1558 lacrimas

195 1575 229 1636 in
243 1574 394 1639 vestibulo
414 1576 518 1638 curiae
536 1576 686 1638 stantium
705 1584 906 1656 cognatorum
926 1585 1099 1638 nostrorum

195 1655 498 1735 exspectantiumque
516 1676 695 1737 responsum
713 1664 858 1719 vestrum.
899 1655 977 1718 Cum
998 1657 1022 1718 ii
1042 1678 1099 1738 pro

195 1735 282 1796 nobis
301 1755 418 1816 proque
437 1737 474 1796 iis
494 1737 548 1816 qui
568 1736 682 1798 absunt
701 1736 747 1798 ita
766 1737 902 1818 suspensi
919 1757 957 1799 ao
973 1737 1100 1799 solliciti

194 1815 264 1889 sint,
279 1835 369 1895 quem
383 1815 510 1877 censetis
530 1817 668 1876 animum
685 1816 821 1897 ipsorum
834 1837 905 1893 esse,
919 1838 1049 1898 quorum
1063 1820 1098 1880 in

140 1894 181 1958 20
194 1894 369 1958 discrimine
381 1897 448 1959 vita
467 1895 654 1976 libertasque
674 1899 740 1959 estl
780 1897 823 1973 si,
836 1919 886 1960 me
906 1898 974 1961 dius
994 1898 1097 1974 fidius,

193 1975 258 2055 ipse
271 1975 303 2036 iu
318 1997 372 2037 nos
385 1977 468 2038 mitis
482 1976 644 2038 Hannibal
656 1986 764 2040 contra
776 1987 920 2041 naturam
932 1999 1020 2040 suam
1033 2001 1099 2042 esse

192 2055 277 2130 velit,
299 2056 378 2116 nihil
403 2065 506 2118 tamen
529 2056 617 2117 nobis
638 2057 706 2121 vita
729 2079 805 2138 opus
826 2079 888 2122 esse
911 2077 1097 2136 censeamus,

193 2155 263 2196 curn
287 2136 352 2196 indi
396 2137 408 2197 i
431 2146 466 2198 ut
489 2137 709 2199 redimeremur
732 2140 781 2216 [a]
804 2140 892 2203 vobis
911 2142 971 2204 visi
991 2142 1096 2204 simus.

193 2215 323 2278 Rediere
400 2237 481 2278 mam
508 2217 664 2298 quondam
691 2219 810 2281 remissi
836 2241 856 2282 a
883 2219 1003 2302 Pyrrho
1029 2223 1098 2284 sine

139 2295 178 2355 25
191 2296 289 2375 pretio
316 2297 416 2375 capti3
443 2297 496 2358 sed
522 2297 640 2359 rediere
666 2318 738 2360 cum
765 2299 883 2381 legatis,
910 2302 1097 2382 primoribus

192 2375 336 2450 civitatis,
350 2377 391 2437 ad
405 2377 597 2439 redimendos
615 2398 679 2439 sese
692 2381 798 2442 missis.
840 2382 976 2444 Redeam
990 2404 1047 2478 ego
1061 2385 1096 2445 in

213 2457 324 2516 atriam
351 2457 495 2518 trecentis
522 2458 656 2526 nummis
690 2479 752 2520 non
785 2462 962 2524 aestimatus
996 2465 1096 2527 civis?

191 2474 287 2596 guum
327 2538 453 2617 quisque
494 2537 578 2598 babet
620 2539 768 2614 animum,
792 2551 893 2621 patres
920 2545 1095 2625 conscripti.

190 2614 261 2676 Scio
287 2616 321 2676 in
349 2617 524 2679 discrimine
549 2638 613 2680 esse
638 2619 738 2682 vita‘m
771 2641 940 2702 corpusque
973 2644 1095 2698 meum;

138 2694 178 2757 30
191 2696 288 2775 magis
308 2716 357 2757 mo
378 2697 478 2758 famae
497 2698 669 2778 periculum
689 2709 800 2777 movet,
815 2723 854 2763 ne
870 2723 890 2764 a
902 2703 989 2766 vobis
1010 2704 1097 2765 dam·

189 2776 256 2837 nati
283 2797 320 2836 ac
347 2797 380 2837 re
403 2777 462 2837 ulsi
490 2778 651 2852 abeamus;
678 2800 778 2861 neque
804 2783 886 2844 enim
913 2805 967 2847 vos
994 2786 1096 2864 pretio

189 2857 357 2937 pepercisse
377 2798 514 2919 domines
534 2859 686 2920 credent'’

229 2937 301 2998 LX.
342 2936 408 3000 Ubi
432 2938 458 2998 is
479 2937 571 2998 finem
595 2939 677 3013 fecit,
697 2942 852 3036 extemplo
874 2941 914 3004 ab
935 2964 971 3005 ea
990 2944 1095 3021 turba,

189 3037 267 3096 quae
294 3017 328 3077 in
354 3018 478 3080 comitio
504 3027 579 3093 erat,
601 3019 717 3080 clamor
743 3021 853 3084 flebilis
876 3033 921 3086 est
944 3024 1094 3101 sublatus,

136 3095 175 3158 35
189 3116 357 3175 manusque
370 3098 411 3159 ad
425 3099 543 3159 curiam
556 3099 724 3161 tendebant
738 3112 869 3178 orantes,
884 3113 919 3165 ut
938 3104 998 3166 sibi
1018 3105 1095 3167 libe·

188 3196 246 3248 ros,
270 3176 388 3250 fratres,
416 3187 560 3256 cognatos
588 3180 758 3243 redderent.
800 3182 944 3245 Feminae
971 3205 1095 3266 quoque

187 3264 285 3314 metus
299 3275 335 3314 ac
348 3257 510 3318 necessitas
525 3258 557 3316 in
570 3257 640 3318 foro
651 3259 760 3321 turbae
774 3262 911 3324 virorum
932 3263 1094 3327 inmiscue-

187 3341 244 3392 rat.
285 3333 414 3394 Senatus
427 3336 574 3396 submotis
594 3337 718 3399 arbitris
733 3341 850 3402 consuli
865 3353 998 3423 coeptus.
1040 3345 1094 3407 Ibi

187 3427 258 3469 cum
272 3413 429 3472 sententiis
442 3414 623 3492 variaretur,
638 3426 669 3479 et
688 3417 744 3480 alii
763 3421 956 3486 redimendos
977 3425 1016 3488 de
1035 3446 1094 3507 pu·
