2616 3790
157 231 221 296 130
320 246 411 292 r1r1
440 245 539 295 n1v1
568 243 623 294 sn
653 197 772 296 vana
801 244 993 295 counrns

209 401 356 484 quosdam
370 410 401 463 et
414 400 530 476 Gallos,
545 401 688 482 populari
702 423 823 463 omnem
840 402 982 482 deinceps
1003 423 1115 484 agrurn

209 482 357 563 usquead
372 482 451 542 Padi
465 483 547 561 ripas
557 483 657 562 jussit.
699 483 833 562 Egentes
853 503 911 562 ope
931 482 1027 557 Galli,
1042 505 1116 546 cum

208 563 249 624 ad
263 563 296 623 id
310 561 418 624 dubios
431 570 601 624 servassent
618 563 744 635 animos,
759 563 857 624 coacti
877 563 918 624 ab
938 565 1115 625 auctoribus

102 699 103 702 ,
209 643 340 723 injuriae
353 641 394 702 ad
408 641 545 704 vindices
565 642 683 703 futuros
705 641 870 716 declinant,
885 643 1056 722 legatisque
1072 645 1115 706 ad

175 721 346 788 boonsules
372 722 479 796 missis,
506 722 662 784 auxilium
696 721 906 790 Romanorum
939 731 1040 784 terrae
1073 724 1115 784 ob

208 803 337 863 nimiam
351 802 505 864 cultorum
518 802 610 864 iidem
625 802 658 862 in
672 801 827 863 Romanos
844 801 999 863 laboranti
1013 812 1113 865 orant.

209 882 351 944 Cornelio
363 902 420 943 nec
433 902 527 944 causa
539 902 596 943 neo
609 891 729 961 tempus
750 882 888 961 agendae
901 882 944 942 rei
959 882 1114 960 placebat,

208 971 405 1042 suspectaque
416 963 444 1022 ei
457 982 531 1042 gens
542 971 608 1024 erat
616 983 688 1024 cum
698 961 738 1022 ob
749 961 846 1022 infida
855 962 955 1023 multa
965 961 1113 1036 facinora,

208 1050 285 1116 tum,
313 1051 349 1103 ut
375 1042 432 1102 illa
459 1051 610 1104 vetustate
638 1041 864 1115 obsolevissent,
891 1042 932 1103 cb
959 1052 1113 1105 recentem

157 1124 195 1186 10
210 1122 356 1183 Boiorum
376 1121 553 1201 perfidiam;
574 1122 770 1202 Sempronius
791 1131 906 1196 contra,
922 1123 1115 1184 continendis

209 1203 242 1264 in
264 1202 324 1262 fide
347 1203 435 1262 sociis
459 1203 629 1264 maximum
653 1202 813 1264 vinculum
836 1222 899 1263 esse
919 1203 1034 1282 primos
1059 1203 1114 1282 qui

208 1283 360 1363 eguissent
372 1302 428 1361 ope
442 1281 579 1344 defensos
594 1283 743 1344 censebat
785 1281 920 1362 Conlega
937 1292 1112 1356 cunctante,

247 1363 380 1424 uitatum
399 1381 498 1435 suum,
512 1362 597 1422 mille
618 1363 757 1442 peditum
773 1361 997 1442 jaculatoribus
1017 1363 1115 1424 ferme

250 1442 363 1514 mixtis,
387 1442 428 1502 ad
452 1441 676 1504 defendendum
704 1441 862 1504 Gallicum
889 1463 998 1522 agrum
1026 1453 1114 1504 trans

157 1525 195 1586 15
210 1522 353 1584 Trebiam
380 1522 484 1584 mittit
533 1521 659 1602 Sparsos
686 1532 718 1584 et
744 1523 957 1603 inconpositos,
984 1522 1025 1583 ad
1054 1525 1114 1585 hoc

131 1633 133 1638 v
208 1603 312 1682 gravis
335 1602 450 1682 praeda
471 1601 629 1682 plerosque
651 1623 722 1664 cum
744 1603 902 1682 inopinato
922 1603 1113 1678 invasissent,

208 1683 363 1762 ingentem
384 1691 530 1743 terrorem
554 1683 737 1762 caedemque
761 1703 798 1743 ac
821 1683 927 1763 fugam
950 1703 1044 1762 usque
1069 1685 1111 1745 ad

209 1772 309 1823 castra
321 1763 524 1841 stationesque
537 1762 669 1824 hostium
684 1763 799 1839 i'eoere3
818 1763 899 1825 unde
913 1763 1114 1824 multitudine

209 1842 303 1902 effusa
322 1842 403 1922 pulsi
424 1862 528 1902 rursus
548 1842 683 1905 subsidio
707 1863 831 1904 suorum
855 1843 1006 1922 proelium
1028 1846 1114 1905 resti·

157 1921 304 1984 nocuere.
357 1919 455 1983 Varia
488 1920 560 1982 inde
591 1940 695 2002 pugna
728 1930 883 2002 sequentes
926 1921 1113 2002 cedentesque

211 2023 280 2063 cum
314 2001 355 2062 ad
388 2011 558 2064 extremum
598 2011 776 2080 aequassent
815 2010 976 2076 certamen,
1014 2005 1113 2082 major

211 2083 472 2222 tamenfhostium
502 2081 609 2155 onmes,
636 2101 728 2160 penae
754 2081 908 2142 Romanos
941 2081 1025 2142 fama
1051 2082 1113 2144 vic·

211 2162 306 2224 toriae
340 2163 393 2223 uit.

245 2241 337 2303 LIII.
378 2240 520 2302 Ceterum
534 2239 651 2302 nemini
666 2239 803 2301 omnium
821 2239 919 2318 major
934 2238 1110 2318 justiorque

152 2324 192 2384 25
206 2342 299 2402 quam
321 2321 380 2401 ipsi
402 2322 518 2382 consuli
539 2321 655 2394 videri;
676 2320 789 2400 gaudio
811 2319 920 2393 efferri,
939 2338 1001 2397 qua
1021 2329 1110 2398 parte

206 2403 362 2482 copiarum
390 2402 470 2462 alter
496 2401 603 2462 consul
625 2401 725 2463 victus
743 2401 840 2473 dotet,
865 2419 902 2460 ea
928 2419 959 2459 se
983 2399 1108 2460 vicisse:

203 2482 364 2543 ‘restitutos
386 2502 422 2542 ac
450 2481 576 2543 refectos
602 2481 753 2541 militibus
781 2481 908 2552 animos,
929 2498 985 2538 nec
1005 2499 1110 2558 quem-

206 2582 298 2642 quam
326 2581 388 2622 esse
436 2571 534 2623 raeter
567 2561 735 2640 conlegam,
770 2560 823 2639 qui
857 2559 985 2619 dilatam
1021 2559 1110 2618 dimi-

207 2642 358 2703 cationem
380 2581 491 2715 vellen
512 2661 592 2716 cum,
615 2642 718 2702 animo
743 2640 841 2720 magis
865 2659 957 2719 quam
983 2658 1111 2717 corpore

153 2723 194 2785 30
206 2741 340 2801 aegrum,
367 2722 513 2783 memoria
540 2721 676 2784 vulneris
703 2721 799 2782 aciem
828 2740 865 2781 ac
889 2719 952 2779 tela
976 2719 1109 2779 horrere.

206 2802 267 2864 Sed
287 2822 346 2863 non
368 2822 430 2862 esse
451 2822 521 2863 curn
542 2822 632 2882 aegro
652 2799 876 2862 senescendum.
918 2797 1003 2874 Quid
1027 2798 1110 2858 enim

206 2882 290 2944 ultra
313 2882 427 2943 differri
448 2891 503 2943 aut
526 2884 584 2944 teri
608 2881 749 2961 tempus?
775 2899 865 2959 quem
890 2881 1016 2940 tertium
1041 2898 1111 2938 con·

206 2963 312 3037 sulem,
337 2983 427 3042 quem
454 2961 550 3024 alium
578 2962 745 3023 exercitum
773 2957 953 3038 expectari?
1001 2956 1111 3018 Castra

207 3043 506 3122 Carthaginiensium
532 3043 566 3103 in
593 3041 687 3102 Italia
711 3060 747 3100 ac
771 3058 865 3118 prope
889 3039 922 3097 in
946 3047 1110 3116 conspectu

155 3125 193 3184 ab
207 3122 291 3182 urbis
325 3142 396 3182 esse
450 3121 522 3182 Non
556 3121 694 3182 Siciliam
727 3140 764 3180 ac
798 3117 982 3188 Sardiniam,
1018 3117 1110 3179 victis

206 3201 373 3279 ademptas,
387 3220 443 3260 nec
463 3201 505 3260 cis
526 3200 678 3260 Hiberum
693 3199 878 3277 Hispaniam
893 3196 965 3276 peti,
980 3204 1026 3256 set
1046 3197 1110 3258 solo

208 3279 308 3356 patrio
327 3286 467 3357 terraque
485 3279 517 3338 in
537 3297 598 3358 qua
617 3279 713 3356 geniti
732 3279 841 3351 forent,
855 3277 930 3357 pelli
945 3277 1109 3337 Romanos.

209 3355 395 3431 “Quantum
409 3358 635 3432 ingemiscant''
650 3357 751 3435 inquit
766 3362 783 3388 ‘⁴
792 3367 894 3436 patres
908 3357 1014 3428 nostri,
1029 3356 1112 3416 circa

208 3433 328 3494 moenia
341 3432 536 3512 Carthaginis
551 3435 666 3496 bellare
679 3437 772 3510 soliti,
786 3437 812 3498 si
823 3437 952 3498 videant
964 3455 1029 3509 nos,
1044 3455 1111 3516 pro·
