2616 3790
482 209 616 256 arnna
641 209 733 275 xxr,
761 191 891 259 59-60.
1117 191 1180 259 137

229 366 367 447 superior
379 365 449 440 fuit,
463 374 572 428 utnon
586 365 652 427 acie
666 365 824 428 vincerent
836 364 945 440 solum,
958 363 1011 427 sed
1025 363 1129 446 pulsos

229 448 329 508 hostes
349 447 382 506 in
403 455 503 508 castra
522 455 781 526 persequerentur,
795 467 868 506 mox
888 453 988 506 castra
1030 466 1129 527 uoquc

229 536 450 606 oppugnarent
491 527 661 600 Hannibal,
674 527 780 606 paucis
798 527 1017 606 propugnatori
1040 547 1075 586 us
1095 527 1129 588 in

228 607 313 669 vallo
340 608 495 686 portisque
521 607 635 686 positis,
657 617 770 667 ceteros
797 606 947 667 confertos
970 606 1002 666 in
1027 606 1129 667 media

229 696 330 748 castra
349 689 472 767 recepit,
493 687 683 767 intentosque
705 687 826 766 signum
847 687 887 748 ad
908 687 1128 766 erumpendum
1161 688 1180 750 ὅ

229 777 392 846 expectare
414 768 511 848 jubet.
553 767 626 830 Jam
648 787 731 828 nona
753 766 848 828 ferme
871 766 934 828 diei
948 767 1031 828 'bora
1052 775 1127 843 erat,

229 867 298 909 cum
313 849 481 923 Romanus,
495 849 678 928 nequiquam
699 848 828 926 fatigato
845 848 953 921 milite,
966 857 1127 928 postquam

228 928 316 989 nulla
342 949 409 1009 spes
437 938 503 990 erat
530 928 671 1009 potiundi
697 930 813 1002 castris,
840 929 961 1008 signum
991 929 1127 1008 receptui

229 1007 322 1070 dedit
378 1009 470 1086 Quod
498 1008 552 1070 ubi
578 1007 740 1069 Hannibal
774 1009 901 1088 accepit,
929 1007 1127 1089 laxatamque

228 1109 363 1168 pugnam
384 1098 416 1150 et
435 1110 582 1150 recessum
604 1110 623 1150 a
643 1089 748 1150 caetris
767 1089 856 1163 vidit,
870 1088 1024 1168 extemplo
1044 1090 1180 1169 equi-10

228 1169 309 1230 tibus
330 1169 440 1230 dextra
463 1170 612 1249 laevaque
631 1170 745 1231 emissis
768 1170 801 1230 in
825 1170 951 1243 hostem,
971 1169 1035 1249 ipse
1055 1190 1126 1232 cum
1156 1189 1159 1196 ⁴

228 1249 365 1328 peditum
387 1249 494 1310 robore
514 1250 621 1310 mediis
643 1251 750 1312 castris
772 1251 881 1330 erupit
923 1250 1033 1329 Pugna
1055 1270 1125 1312 raro

228 1330 324 1408 magis
337 1329 403 1390 ulla
416 1351 509 1392 saeva
521 1340 576 1391 aut
588 1330 746 1411 utriusque
759 1331 854 1410 partis
867 1331 1001 1411 pernicie
1015 1331 1127 1392 clarior

227 1408 342 1483 fuisset,
356 1411 382 1470 si
398 1410 523 1472 extendi
536 1431 603 1471 eam
618 1412 680 1472 dies
694 1412 728 1470 in
741 1411 868 1492 longum
888 1411 1021 1491 spatium
1041 1411 1126 1472 sivis-

227 1498 288 1563 set;
309 1510 372 1550 nox
385 1511 543 1552 accensum
558 1490 732 1570 ingentibus
751 1492 861 1552 animis
880 1490 1029 1572 proelium
1049 1490 1126 1551 dire-
1140 1490 1179 1553 15

227 1570 291 1630 mit
333 1570 444 1651 Itaque
462 1572 563 1632 acrior
582 1591 745 1633 concursus
765 1572 825 1633 fuit
843 1591 935 1710 quam
956 1571 1070 1644 caedes,
1085 1581 1125 1646 et,

226 1649 305 1710 sicut
318 1660 450 1730 aequata
463 1652 557 1712 ferme
570 1672 674 1730 pugna
687 1661 762 1725 erat,
777 1652 821 1713 ita
835 1672 851 1712 c
865 1651 923 1712 ade
936 1651 1004 1731 pari
1018 1651 1125 1713 disces·

226 1749 293 1790 sum
306 1740 360 1792 est.
401 1730 454 1791 Ab
468 1741 577 1798 neutra
589 1741 678 1810 parte
689 1732 831 1794 sescentis
844 1732 913 1811 plus
927 1730 1081 1811 peditibus
1094 1740 1126 1793 et

226 1809 387 1870 dimidium
402 1812 466 1891 ejus
486 1813 624 1890 equitum
639 1811 766 1885 cecidit3
786 1811 839 1872 sed
860 1812 956 1892 major
977 1812 1125 1874 Romanis

225 1910 318 1968 quam
331 1911 387 1971 pro
401 1911 527 1953 numero
537 1893 660 1972 jactura
673 1891 743 1965 fuit,
757 1893 831 1972 quia
843 1891 989 1972 equestris
1008 1892 1124 1953 ordinis
1139 1891 1179 1956 20

225 1969 343 2049 aliquot
356 1980 388 2032 et
400 1971 517 2032 tribuni
531 1971 667 2032 militum
681 1973 816 2053 quinque
828 1981 859 2034 et
872 1971 1018 2051 praefecti
1030 1973 1123 2034 socio·

223 2070 292 2109 rum
307 2059 367 2111 tres
380 2061 453 2112 sunt
465 2051 627 2114 interfecti.

263 2129 437 2191 Secundum
449 2152 516 2192 eam
526 2151 662 2212 pugnam
671 2131 832 2194 Hannibal
846 2133 879 2193 in
892 2132 1032 2212 Ligures,
1042 2131 1124 2194 Sem·

222 2211 348 2290 pronius
361 2211 479 2271 Lucam
494 2212 648 2273 concessit.
688 2212 833 2274 Venienti
848 2214 880 2273 in
894 2212 1023 2291 Ligures
1037 2213 1124 2273 Han-

222 2289 321 2350 nibali
335 2311 389 2370 per
402 2291 528 2352 insidias
541 2292 704 2371 intercepti
717 2292 778 2353 duo
792 2303 964 2372 quaestores
981 2292 1122 2365 Romani,
1137 2295 1177 2356 25

223 2369 257 2430 Ο.
269 2370 401 2433 Fulvius
411 2382 442 2432 et
453 2372 489 2432 L.
501 2372 673 2446 Lucretius,
684 2393 754 2432 cum
768 2371 887 2433 duobus
900 2372 1033 2433 tribunis
1043 2373 1123 2432 mili·

221 2458 290 2510 tum
315 2461 346 2512 et
369 2452 503 2532 quinque
527 2452 672 2532 equestris
693 2452 816 2526 ordinis,
836 2462 1009 2513 senatorum
1030 2452 1124 2513 ferme

222 2530 336 2605 liberis,
350 2553 410 2612 quo
425 2533 522 2613 magis
536 2542 635 2593 ratam
655 2532 720 2593 fore
739 2552 809 2593 cum
829 2535 855 2592 is
875 2552 981 2612 pacem
1001 2532 1124 2593 societa-

221 2619 344 2691 temque
358 2613 502 2687 crederet,
514 2613 688 2674 traduntur.

261 2691 335 2753 LX.
377 2692 461 2753 Dum
475 2692 551 2753 haec
566 2693 598 2753 in
612 2692 706 2753 Italia
719 2701 876 2773 geruntur,
890 2692 946 2753 On.
964 2690 1122 2754 Cornelius
1137 2694 1176 2756 30

220 2770 326 2850 Scipio,
338 2772 371 2832 in
386 2773 572 2852 Hispaniam
593 2793 662 2834 cum
684 2772 777 2833 classe
798 2781 828 2833 et
848 2772 985 2833 exercitu
1005 2773 1122 2847 missus,

220 2872 291 2912 cum
304 2851 344 2912 ab
359 2853 434 2913 ostio
449 2853 594 2915 Rhodani
604 2852 756 2933 profectus
767 2853 997 2932 Pyrenaeosque
1006 2861 1123 2914 montes

221 2933 443 2993 circumvectus
467 2933 611 3013 Emporia
638 2933 806 3012 adpulisset
827 2932 963 3007 classem,
985 2933 1122 3013 exposito

220 3011 263 3072 ibi
277 3013 424 3086 exercitu,
435 3035 519 3074 orsus
533 3034 553 3074 a
566 3014 730 3074 Lacetanis
744 3034 864 3074 omnem
874 3034 959 3074 oram
972 3032 1067 3092 usque
1081 3013 1122 3073 ad

220 3092 375 3153 Hiberum
405 3094 528 3169 flumen,
556 3095 669 3174 partim
702 3092 885 3155 renovandis
918 3091 1120 3166 societatibus,
1135 3092 1175 3154 35

219 3173 333 3313 partim
357 3175 444 3236 novis
471 3174 674 3248 instituendis,
699 3174 857 3234 Romanae
883 3173 1010 3234 dicionis
1038 3173 1118 3233 fecit.

162 3303 165 3309 ,
236 3254 297 3314 nde
317 3254 481 3316 conciliata
502 3255 681 3316 clementiae
701 3253 792 3325 fama,
807 3274 869 3313 non
890 3252 929 3313 ad
951 3252 1119 3312 maritimos

218 3335 309 3396 modo
327 3335 465 3415 populos,
479 3335 532 3396 sed
546 3335 579 3394 in
593 3333 821 3394 mediterraneis
841 3351 961 3410 quoque
980 3351 1017 3389 ac
1037 3348 1119 3387 mon·

218 3417 298 3476 tanis
311 3416 352 3479 ad
367 3417 526 3478 ferociores
536 3416 601 3494 jam
616 3421 720 3492 gentes
733 3409 852 3482 valuit;
874 3431 929 3469 nec
946 3428 1010 3487 pax
1029 3406 1119 3467 modo
