2616 3790
434 243 567 292 mann
591 245 684 312 xxr,
710 230 844 296 46-48.
1073 233 1137 302 luc

182 400 248 462 filio
261 419 369 464 verum
384 419 455 476 essa,
469 401 551 482 quod
565 411 596 464 et
608 403 711 484 plures
724 403 879 466 tradidere
898 412 1036 468 auctores
1055 415 1086 468 et

182 481 266 542 fama
280 480 423 542 obtinuit

222 560 364 623 XLVII.
406 561 477 622 Hoc
497 562 630 642 primum
650 585 721 626 cum
741 563 921 626 Hannibale
934 565 1085 645 proelium

181 641 261 714 fuit;
295 660 356 720 quo
383 641 475 702 facile
501 645 646 722 apparuit
674 646 733 722 [et]
762 645 899 725 equitatu
928 646 1083 708 meliorem

182 720 322 782 Poenum
340 741 412 795 esse,
426 731 457 782 et
477 721 516 783 ob
537 723 569 783 id
590 743 712 806 campos
733 726 873 805 patentis,
887 725 993 805 quales
1012 733 1084 787 sunt
1117 730 1135 792 5

181 801 263 862 inter
277 801 399 863 Padum
413 801 577 882 Alpesque,
593 803 675 866 bello
687 805 820 884 gerendo
835 805 982 867 Romanis
996 816 1084 886 aptos

181 902 245 942 non
256 901 326 944 esse.
362 882 473 962 Itaque
483 884 624 963 proxima
633 895 731 960 nocte,
741 886 833 966 jussis
847 885 996 948 militibus
1008 907 1084 950 vasa

181 962 305 1022 silentio
319 963 482 1042 conligere,
497 973 596 1025 eastra
609 964 649 1024 ab
663 965 770 1026 Ticino
791 975 874 1029 mota
894 966 1083 1028 festinatum-

182 1062 242 1121 que
252 1043 293 1102 ad
303 1041 425 1102 Padum
439 1052 492 1117 est,
501 1052 537 1105 ut
547 1044 672 1119 ratibus,
702 1044 792 1107 uibus
801 1047 949 1126 junxerat
959 1047 1081 1120 flumen,

181 1122 320 1183 nondum
347 1122 486 1184 resolutis
512 1124 576 1185 sine
603 1066 739 1186 tumultu
766 1135 858 1205 atque
884 1127 1083 1189 insectatione
1097 1132 1137 1194 10

182 1203 278 1263 hostis
292 1203 395 1282 copias
409 1203 559 1265 traiceret
601 1204 691 1266 Prius
708 1206 899 1268 Placentiam
919 1226 1083 1286 pervenere

182 1303 276 1363 quam
303 1283 376 1344 satis
403 1283 494 1345 sciret
521 1284 682 1346 Hannibal
710 1286 750 1348 ab
778 1286 887 1349 Ticino
914 1287 1082 1365 profectum

182 1373 286 1424 tamen
313 1364 354 1423 ad
382 1373 539 1426 sexcentos
566 1375 753 1428 moratorum
780 1366 814 1427 in
842 1367 981 1427 citeriore
1014 1367 1084 1446 ripa

183 1443 272 1518 Padi,
285 1445 418 1524 segniter
431 1454 529 1508 ratem
541 1447 700 1521 solventes,
714 1448 802 1527 cepit
844 1445 988 1508 Transire
1007 1467 1080 1526 pcn-

182 1534 245 1586 tem
259 1546 321 1586 non
335 1526 445 1605 potuit,
461 1535 496 1587 ut
515 1536 653 1589 extrema
674 1527 806 1590 resoluta
827 1536 924 1600 erant,
939 1535 1004 1588 tota
1017 1537 1084 1588 rate
1098 1532 1137 1594 15

182 1607 215 1666 in
242 1605 407 1668 secundam
433 1626 545 1687 aquam
573 1607 705 1670 labente.
754 1607 877 1670 Coelius
905 1615 1012 1668 auctor
1039 1616 1084 1684 est

182 1685 348 1766 Magonem
361 1706 431 1746 cum
446 1687 583 1766 equitatu
597 1696 629 1749 et
643 1689 791 1768 Hispanis
805 1687 958 1767 peditibus
969 1687 1083 1749 flumen

181 1765 337 1845 extemplo
347 1775 525 1842 transuessq
534 1767 633 1847 ipsum
645 1768 853 1829 Hannibalem
864 1788 918 1847 per
927 1768 1084 1848 superiora

181 1845 262 1906 Padi
276 1845 357 1907 vada
377 1847 546 1908 exercitum
567 1849 748 1922 traduxisse,
762 1848 931 1928 elephantis
952 1848 985 1909 iu
1004 1849 1083 1909 ordi·

182 1947 252 1986 nem
265 1926 306 1986 ad
319 1927 528 1993 sustinendum
543 1929 691 2008 impetum
701 1929 835 1989 fluminis
845 1928 999 2008 oppositis.
1033 1928 1083 1989 Eu
1097 1932 1137 1994 20

182 2007 287 2086 peritis
311 2007 410 2068 amnis
434 2008 497 2087 ejus
519 2009 576 2071 vix
599 2009 691 2069 fidem
714 2009 858 2083 fecerint;
888 2028 960 2070 nam
985 2027 1083 2087 neque

182 2087 296 2166 equites
318 2087 412 2148 armis
436 2089 580 2169 equisque
602 2089 696 2150 salvis
719 2097 837 2150 tantam
862 2088 925 2151 vim
947 2088 1082 2148 fluminis

181 2187 337 2246 superasse
350 2167 416 2228 veri
436 2168 536 2228 simile
556 2178 610 2243 est,
624 2177 660 2229 ut
675 2170 742 2248 jam
756 2168 912 2248 Hispanos
925 2169 1023 2229 omnis
1037 2169 1082 2228 in-

181 2246 247 2308 flati
261 2247 453 2308 travexerint
471 2258 562 2322 utres,
576 2257 607 2309 et
627 2249 793 2312 multorum
813 2249 932 2310 dierum
952 2249 1082 2310 circuitu

180 2326 260 2386 Padi
274 2327 356 2389 vada
369 2328 501 2407 petenda
514 2329 648 2401 fuerunt,
663 2349 725 2408 qua
743 2329 894 2390 exercitus
914 2329 1018 2408 gravis
1038 2328 1083 2388 in·
1097 2330 1136 2392 25

141 2405 144 2411 ’
180 2406 362 2485 pedimentis
372 2408 492 2468 traduci
503 2417 611 2488 posset
646 2409 781 2470 Potiores
794 2417 871 2488 aput
884 2428 932 2469 me
945 2417 1084 2470 auctores

180 2496 261 2560 sunt,
276 2487 329 2566 qui
344 2487 437 2547 biduo
452 2488 507 2549 vix
521 2489 623 2550 locum
637 2497 704 2549 rats
719 2488 876 2568 jungendo
896 2488 1016 2548 flumini
1037 2489 1081 2548 in·

179 2576 308 2628 ventum
328 2568 473 2642 tradunt;
494 2569 622 2630 ericum
643 2569 697 2629 Ma
718 2589 775 2630 one
795 2589 812 2629 e
833 2569 910 2629 uites
931 2568 1083 2647 Hispano·

179 2666 250 2706 rum
277 2667 317 2707 ex
339 2647 435 2708 editos
483 2649 648 2710 raemissos.
724 2669 775 2709 um
838 2647 975 2722 annibal,
1001 2649 1083 2710 circa

180 2725 294 2786 flumen
317 2667 525 2806 legationibus
553 2728 716 2790 Gallorum
743 2728 902 2804 audiendis
936 2738 1080 2804 moratus,
1096 2731 1136 2794 30

179 2806 285 2866 traicit
305 2807 429 2885 gravius
450 2809 588 2887 peditum
608 2829 727 2888 agmen,
742 2809 865 2869 interim
885 2807 979 2888 Mago
1000 2810 1082 2890 equi-

179 2894 284 2965 tesque
296 2886 338 2946 ab
351 2887 483 2949 transitu
497 2888 632 2949 fluminis
646 2889 709 2949 diei
723 2889 813 2949 unius
832 2889 941 2950 itinere
955 2888 1081 2950 Placen·

178 2965 255 3026 tiam
279 2965 320 3026 ad
342 2965 442 3028 hostes
465 2969 661 3029 contendunt.
703 2968 866 3030 Hannibal
887 2969 992 3048 paucis
1013 2977 1081 3049 post

177 3045 286 3106 diebus
306 3066 361 3106 sex
380 3047 468 3109 milia
487 3067 507 3109 a
527 3048 688 3109 Placentia
707 3058 809 3110 castra
825 3049 1035 3122 communivit,
1050 3060 1082 3110 et

176 3135 299 3204 postero
312 3126 409 3187 disin
418 3137 586 3208 conspectu
600 3129 734 3191 bostium
754 3130 821 3190 acie
840 3129 964 3190 derecta
984 3139 1080 3208 potes·
1095 3130 1134 3191 35

176 3215 272 3266 tatem
287 3225 409 3345 pugnae
422 3207 502 3269 fecit.

217 3284 333 3346 XLVI
352 3285 378 3346 Ι.
420 3286 597 3367 Insequenti
617 3296 706 3349 nocte
727 3288 834 3349 caedes
850 3288 884 3347 in
900 3287 1007 3348 castris
1021 3287 1081 3344 Ro

176 3366 285 3437 manis,
299 3365 435 3427 tumultu
458 3376 561 3428 tamen
575 3387 668 3446 quam
689 3387 722 3427 re
743 3368 850 3445 major,
864 3366 903 3426 ab
925 3364 1082 3422 auxiliari-

176 3443 234 3506 bus
248 3444 350 3506 Gallis
363 3446 448 3507 facta
461 3456 515 3508 est.
556 3447 609 3507 Ad
631 3447 694 3506 duo
715 3445 804 3505 milia
824 3443 963 3522 peditum
981 3449 1012 3499 et
1027 3439 1083 3497 du·
