2572 3790
130 207 172 271 58
301 220 391 267 nm
418 217 600 270 n1v1ss
626 217 741 267 vass
766 215 956 266 cosmus

183 377 291 439 divina
311 376 506 455 humanaque
525 374 637 447 omnia,
657 374 691 434 in
712 393 810 435 meam
832 371 998 454 populique
1021 371 1082 436 Ro-

182 458 267 550 mani
275 536 293 563 n
301 456 452 518 dicionem
463 455 502 516 l'’
517 487 559 496 -
573 453 776 516 “Dedimus”
791 490 833 503 -
846 454 920 514 “At
952 473 1008 534 ego
1037 474 1082 516 re·

183 558 312 678 cuqqquo
332 615 447 676 Sabino
482 613 592 676 effecto
606 613 790 693 Tarquinius
810 611 1004 693 triumphans
1022 613 1083 674 Ro

150 701 266 761 dmam
287 696 375 756 redit
417 635 495 755 Inde
516 693 626 755 Priscis
647 693 768 754 Latinis
787 691 905 754 bellum
927 692 1008 768 fecit,
1028 694 1083 754 ubi

184 796 332 870 nusquam
347 775 387 836 ad
401 775 562 836 universae
575 774 618 835 rei
632 773 859 834 dimicationem
873 781 1000 836 ventum
1020 784 1082 836 est:

183 857 223 917 ad
238 855 360 935 smgula
373 854 488 935 oppida
501 853 741 915 circumferendo
760 873 847 914 arma
866 873 955 913 omne
972 873 1083 916 nomen

183 935 333 997 latinum
357 935 482 996 domuit.
525 933 734 1006 Corniculum,
759 931 889 994 Ficulea
907 941 1005 1007 vetus,
1026 932 1085 995 Oa-

183 1015 289 1088 meria,
307 1014 558 1086 Crustumerium,
580 1013 747 1087 Ameriola,
768 1012 930 1084 Medullia,
951 1013 1084 1074 Nomen-

132 1097 171 1160 10
184 1105 260 1169 tum,
274 1095 349 1155 haec
363 1095 401 1154 ds
416 1093 527 1155 Priscis
540 1093 661 1154 latinis
681 1103 736 1153 aut
756 1093 810 1172 qui
830 1092 870 1154 ad
891 1092 1019 1155 Latinos
1032 1093 1082 1155 de·

183 1175 319 1236 fecerant
332 1183 423 1268 capta
436 1174 558 1267 oppida.
599 1173 668 1234 Pax
682 1173 791 1234 deinde
805 1182 849 1234 est
863 1172 954 1234 facta.

224 1254 343 1335 Majore
365 1253 438 1314 inde
460 1273 563 1316 ammo
586 1254 670 1333 pacis
694 1273 785 1334 opera
812 1253 965 1327 inchoata,
989 1273 1083 1332 quam

206 1344 300 1395 uanta
319 1333 399 1394 mole
418 1344 551 1413 gesserat
571 1333 712 1420 bellant
730 1354 791 1394 non
807 1333 939 1413 quietior
951 1334 1084 1412 populus

184 1355 267 1475 domi
280 1422 357 1474 esset
369 1433 462 1494 quam
477 1413 605 1474 militiae
618 1413 740 1474 fuisset:
762 1433 833 1474 nam
852 1421 883 1474 et
900 1433 988 1473 muro
1006 1413 1085 1493 lapi·

132 1496 170 1558 15
184 1494 249 1566 deo.
272 1495 358 1555 cu'us
378 1493 537 1554 exordium
560 1493 658 1573 operis
681 1493 796 1554 Sabino
819 1492 901 1553 bello
925 1493 1084 1554 turbatum

183 1585 258 1648 erat,
274 1515 388 1647 urlsem,
424 1593 464 1633 ua
477 1573 613 1634 nondum
628 1574 788 1647 munierat,
804 1573 924 1652 cingere
938 1583 1038 1652 parat,
1051 1582 1084 1634 et

183 1653 291 1714 infima
311 1652 396 1714 urbis
433 1673 489 1714 oca
513 1652 596 1714 circa
619 1652 720 1714 forum
747 1653 884 1732 aliasque
910 1653 1084 1734 interjectas

184 1733 314 1794 collibus
335 1732 498 1806 convalles,
517 1733 590 1812 quia
613 1753 653 1793 ex
674 1733 775 1812 planis
798 1733 871 1795 locis
894 1733 972 1796 haut
992 1733 1084 1794 facile

183 1813 354 1875 evehebant
374 1831 476 1890 aquas,
498 1812 609 1874 cloacis
629 1812 750 1892 fastigio
772 1814 805 1873 in
827 1811 962 1874 Tiberim
983 1814 1084 1876 ductis

130 1894 333 1967 assiccata
352 1912 453 1953 aream
475 1891 516 1952 ad
536 1893 642 1953 aedem
661 1893 694 1952 in
710 1892 863 1971 Capitolio
878 1893 900 1956 J
901 1894 975 1967 ovis,
989 1915 1082 1974 quam

182 1983 312 2036 voverat
332 1972 412 2054 bello
432 1971 554 2046 Sabino,
571 1971 637 2051 jam
658 1973 867 2052 praesagiente
886 1974 987 2034 animo
1002 1975 1083 2035 futu·
1167 1998 1170 2004 ·

63 2099 71 2114 .
180 2074 248 2148 911¹
263 2053 337 2113 olim
352 2051 586 2132 amplitudinem
601 2051 671 2124 loci,
686 2062 817 2132 occupat
831 2052 1046 2116 fundamentis

223 2132 388 2194 XXXIX
430 2131 478 2192 Eo
499 2140 635 2211 tempore
656 2133 796 2224 inpagis
817 2133 991 2212 prodigium
1012 2135 1082 2197 visu

47 2253 52 2260 .
183 2222 353 2291 eventuque
368 2211 508 2272 mirabile
518 2211 587 2272 fuit.
622 2212 722 2273 Puero
732 2213 904 2286 dormienti,
916 2214 966 2274 cui
976 2215 1082 2277 Servio

10 2340 15 2348 .
45 2316 57 2359 ,·
129 2294 169 2356 25
183 2293 288 2353 Tullio
301 2292 361 2352 fuit
374 2311 494 2365 nomen,
508 2301 602 2384 caput
622 2291 728 2352 arsisse
747 2292 850 2352 ferunt
868 2293 1035 2355 multorum
1049 2295 1083 2354 in

33 2375 49 2418 ⁴?
67 2375 79 2398 ⁴·
101 2433 105 2440 ,
155 2389 161 2413 ³
183 2381 364 2451 conspectu3
385 2370 519 2450 plurimo
543 2371 638 2450 agitur
662 2372 795 2432 clamore
819 2371 890 2432 inde
913 2373 954 2434 ad
976 2383 1082 2435 tantae

33 2488 38 2498 ·
98 2443 128 2503 f·
182 2454 226 2514 rei
248 2451 431 2512 miraculum
456 2459 532 2524 ort0,
547 2451 662 2512 excitos
685 2473 784 2531 reges:
800 2460 840 2526 et,
863 2471 933 2513 cum
955 2453 1081 2532 quidam
1127 2473 1173 2492 κ

79 2561 84 2566 ·
110 2533 122 2591 ζ*
183 2531 381 2592 familiarium
402 2551 514 2610 aquam
535 2529 576 2591 ad
596 2531 845 2611 restinguendum
865 2533 965 2607 ferret,
980 2533 1019 2593 ab
1038 2553 1082 2594 re-

114 2628 117 2638 ·
183 2614 256 2691 gina
269 2619 430 2683 retentum,
444 2610 608 2690 sedatoque
623 2632 690 2673 eam
710 2611 846 2672 tumultu
866 2613 982 2674 moveri
997 2622 1082 2674 vetu-

85 2725 96 2744 x
129 2692 170 2755 30
182 2693 239 2752 isse
253 2711 390 2771 puerum,
400 2690 496 2752 donec
509 2711 565 2751 sua
578 2701 685 2770 sponte
696 2701 888 2771 experrectus
902 2702 994 2765 esset;
1009 2714 1082 2754 mox
1100 2721 1226 2760 Ὗ

95 2781 109 2833 .“
182 2792 253 2832 oum
276 2791 380 2832 somno
402 2780 434 2831 et
456 2771 613 2831 flammam
634 2770 741 2832 abisse.
782 2771 862 2831 Tum
889 2771 1022 2832 abducto
1048 2773 1081 2832 in

2 2919 4 2926 ‚
96 2848 105 2904 Σ
182 2861 329 2912 secretum
350 2850 417 2913 viro
437 2848 589 2930 Tanaquil
611 2850 740 2914 “viden'
755 2859 789 2912 tu
814 2871 944 2930 puerum
968 2851 1081 2925 hunc,'’

88 2919 99 2950 ⁰
181 2931 291 3011 inquit,
312 2934 429 3010 “quem
449 2939 513 2991 tam
534 2931 645 2991 humili
666 2931 751 2992 cultu
772 2929 958 2992 educamus?
997 2931 1083 2993 Scire

181 3011 254 3073 licet
267 3011 349 3072 hunc
363 3011 467 3071 lumen
481 3011 636 3090 quondam
650 3011 740 3072 rebus
760 3011 871 3072 nostris
885 3011 986 3088 dubiis
1000 3012 1083 3072 futu·

80 3106 92 3122 ·“
129 3091 168 3153 35
183 3112 250 3150 rum
270 3092 515 3170 praesidiumque
535 3091 637 3170 regiae
657 3091 816 3162 adflictae;
839 3089 968 3170 proinde
988 3100 1082 3152 mate·

2 3233 3 3238 ,
70 3205 75 3218 .
181 3171 260 3229 riam
281 3170 412 3248 ingentis
431 3168 554 3248 publice
575 3171 781 3249 privatimque
800 3169 915 3231 decoris
934 3171 1017 3231 omni
1037 3171 1082 3231 in·

2 3250 3 3279 ¹
182 3249 342 3327 dulgentia
355 3257 458 3308 nostra
472 3249 671 3310 nutriamus.''
785 3275 799 3318 s

223 3328 300 3388 Inde
313 3347 441 3406 puerum
457 3326 586 3388 liberum
602 3328 667 3389 loco
682 3338 821 3408 coeptum
835 3327 942 3390 haberi
956 3329 1083 3390 erudiri-

182 3427 241 3486 que
254 3407 381 3480 artibus,
396 3406 505 3485 quibus
519 3407 642 3486 ingenia
656 3408 694 3468 ad
711 3429 840 3488 magnae
859 3408 999 3470 fortunae
1019 3409 1083 3471 cul·
