2616 3790
122 250 186 316 132
287 267 379 314 r1r1
404 268 502 319 a1v1
527 267 727 318 anivers
756 267 949 316 cosmas

171 443 233 484 non
247 423 357 484 animis
371 424 461 484 modo
475 423 614 497 valeatis,
628 423 757 504 singulis
771 423 858 486 vobis
879 445 1015 488 novenos
1036 447 1076 488 ex

171 504 280 564 turmis
307 503 534 584 manipulisque
562 504 656 566 vestri
683 504 797 564 similes
825 504 938 584 eligite.
982 507 1077 586 Mago

172 583 273 644 locum
295 583 477 644 monstrabit
498 604 589 663 quem
611 583 787 656 insideatis;
809 584 925 645 hostem
952 607 1078 647 caecum

171 663 211 722 ad
226 664 282 723 has
296 661 370 722 belli
383 671 463 724 artes
477 663 625 724 habetis.”
668 661 719 724 Ita
730 663 817 724 mille
827 665 997 744 equitibus'
1011 667 1079 728 Ma·

137 743 252 882 bgpni,
267 743 353 803 mille
371 743 525 822 peditibus
546 742 686 816 dimissis,
702 743 867 805 Hannibal
888 747 989 824 prima
1008 746 1079 807 luce

51 865 54 870 ι
204 823 322 884 umidas
333 823 448 902 equites
459 832 659 902 transgressos
674 823 818 886 Trebiam
830 825 945 886 flumen
955 827 1078 906 obequi-

170 911 236 996 tare
252 902 341 981 jubet
361 902 494 964 hostium
514 903 619 983 portis,
638 905 868 998 jaculandoque
882 905 914 966 in
930 906 1078 967 stationes

170 983 279 1043 elicere
293 983 334 1043 ad
347 1003 483 1062 pugnam
497 983 624 1057 hostem,
640 986 753 1065 injecto
770 985 880 1047 deinde
901 986 1078 1060 certamine,

171 1062 304 1123 cedendo
317 1063 428 1124 sensim
442 1063 521 1123 citra
535 1063 649 1126 flumen
665 1066 849 1146 pertrahere.
890 1065 980 1126 Haec
993 1086 1079 1126 man-

119 1146 158 1208 10
171 1142 244 1203 data
257 1142 418 1215 Numidis;
440 1143 546 1205 ceteris
569 1146 699 1207 ducibus
719 1146 859 1226 peditum
880 1147 1078 1224 equitumque

170 1232 375 1302 praeceptum,
402 1233 437 1285 ut
464 1227 615 1305 prandere
641 1247 743 1288 omnes
767 1226 921 1306 juberent,
944 1235 1078 1287 armatos

170 1303 279 1364 deinde
293 1304 488 1385 instratisque
502 1307 587 1386 cquis
601 1307 721 1387 signum
736 1315 907 1386 expectare.

185 1384 405 1470 ¹[Sempronius
432 1387 472 1446 a'd
500 1388 669 1448 tumultum
703 1386 911 1447 Numidarum
942 1385 1078 1465 primum

170 1487 290 1528 omnem
304 1468 484 1547 equitatum,
500 1469 588 1530 ferox
602 1488 638 1528 ea
652 1477 739 1546 parte
753 1467 877 1540 virium,
892 1465 1003 1527 deinde
1022 1487 1079 1528 sex

118 1549 156 1610 15
170 1549 257 1608 milia
277 1549 424 1628 peditum,
445 1558 596 1630 postremo
618 1568 721 1609 omnes
745 1547 856 1626 copias,
881 1567 901 1608 a
924 1547 1078 1608 destinato
1148 1547 1150 1550 ’

171 1630 237 1708 jam
257 1641 329 1690 ante
350 1630 476 1691 consilio
503 1629 613 1691 avidus
634 1627 818 1700 certaminis,
839 1626 955 1688 eduxit
998 1626 1079 1688 Erat

170 1712 248 1773 forte
262 1710 389 1772 brumae
402 1720 521 1790 tempus
536 1720 567 1771 et
581 1708 694 1770 nivalis
715 1707 778 1768 dies
799 1707 832 1768 in
852 1707 928 1769 locis
942 1707 1078 1847 Alpibus

170 1791 395 1871 Apenuiuoque
416 1791 591 1871 interjectis,
614 1787 842 1868 propinquitate
863 1789 956 1848 etiam
1000 1787 1077 1847 umi-

170 1893 244 1932 num
258 1893 295 1933 ao
309 1872 468 1952 paludium
485 1870 676 1951 praegelidis.
719 1868 772 1928 Ad
787 1868 845 1928 hoc
859 1867 973 1946 raptim
988 1867 1078 1928 eduo-

118 1953 157 2015 20
171 1953 209 2013 tis
230 1953 402 2016 hominibus
423 1959 515 2031 atque
536 1951 630 2030 equis,
646 1969 706 2010 non
725 1958 814 2027 capto
835 1957 907 2008 ante
921 1947 999 2021 cibo,
1014 1968 1077 2008 nou

170 2054 227 2112 ope
248 2033 314 2094 ulla
334 2033 374 2094 ad
395 2032 561 2093 arcendum
583 2030 680 2108 frigus
701 2027 851 2101 adhibita,
865 2028 946 2087 nihil
967 2027 1076 2088 caloris

170 2114 279 2187 inerat,
294 2122 324 2174 et
338 2113 488 2193 quidquid
509 2131 603 2173 aurae
621 2109 755 2170 fluminis
776 2108 1076 2187 adpropinquabant,
1168 2167 1178 2188 ,

170 2193 307 2254 adflabat
320 2195 419 2254 acrior
431 2192 553 2272 frigoris
568 2193 623 2253 vis.
665 2190 712 2253 Ut
725 2209 798 2250 vero
812 2188 997 2267 refugientes
1011 2187 1077 2248 Nu-

170 2275 269 2334 midas
290 2274 480 2353 insequentes
500 2293 614 2352 aquam
636 2270 762 2351 ingressi
783 2276 855 2329 sunt
871 2274 916 2346 (et
929 2276 995 2328 erat
1009 2289 1076 2346 pec·

118 2354 156 2415 25
171 2355 286 2416 toribus
318 2363 404 2414 tenus
432 2361 524 2415 aucta
552 2361 702 2414 nocturno
730 2348 849 2427 imbri),
874 2357 941 2408 tum
969 2349 1076 2426 utique

171 2435 294 2514 egressis
322 2434 419 2513 rigere
447 2432 587 2494 omnibus
615 2450 752 2511 corpora,
778 2439 814 2490 ut
835 2428 891 2490 vix
918 2448 1076 2488 armorum

169 2515 369 2576 tenendorum
391 2514 526 2594 potentia
546 2522 653 2586 essent,
668 2521 699 2572 et
719 2509 812 2572 simul
832 2507 1013 2569 lassitudine
1034 2519 1074 2584 et,

170 2595 351 2674 procedente
360 2595 426 2674 jam
441 2594 499 2666 die,
514 2593 595 2654 fame
608 2593 701 2653 etiam
716 2590 852 2652 deficere.

211 2674 280 2737 LV.
322 2674 509 2735 Hannibalis
528 2673 652 2734 interim
673 2671 769 2744 miles,
783 2669 906 2750 ignibus
924 2677 997 2730 ante
1011 2677 1076 2730 ten-

118 2755 157 2817 30
171 2755 250 2817 toria
284 2755 381 2828 factis,
410 2755 535 2834 oleoque
562 2774 617 2834 per
645 2751 827 2831 manipulos,
856 2760 891 2811 ut
918 2749 1076 2810 mollirent

171 2846 265 2908 artus,
280 2836 378 2908 misso,
393 2844 424 2896 et
444 2834 512 2895 cibo
533 2855 586 2914 per
607 2833 703 2894 otium
725 2840 825 2913 capto,
839 2829 893 2891 ubi
911 2840 1075 2909 transgres-

170 2937 218 2978 sos
238 2915 351 2977 flumen
371 2915 465 2977 hostis
486 2915 662 2975 nuntiatum
683 2921 736 2987 est,
758 2912 860 2974 alacer
880 2909 991 2971 animis
1011 2929 1075 2970 cor-

193 2996 354 3077 oribusque
387 3015 473 3056 arma
507 2995 589 3074 capit
622 3002 715 3072 atque
741 2993 775 3053 in
802 2993 899 3054 aciem
927 2989 1073 3069 procedit

201 3078 310 3136 aliarcs
335 3076 416 3137 locat
440 3083 511 3135 ante
535 3075 559 3134 si
582 3095 632 3147 na,
655 3073 754 3135 levem
781 3081 980 3143 armaturam,
1005 3079 1075 3130 octo

119 3157 158 3218 35
173 3156 266 3214 ferme
280 3154 367 3213 milia
377 3154 544 3225 bominum,
555 3096 625 3214 dein
636 3153 808 3233 graviorem
823 3152 917 3213 armis
930 3149 1075 3229 peditem,

173 3232 254 3310 quod
268 3232 389 3303 virium,
405 3232 486 3309 quod
500 3231 616 3292 roboris
631 3242 713 3304 erat;
735 3233 768 3292 in
783 3232 926 3293 cornibus
947 3230 1076 3290 circum·

172 3311 254 3369 fudit
267 3309 370 3368 decem
385 3310 470 3368 milia
484 3311 630 3387 equitum,
645 3321 676 3371 et
696 3312 737 3371 ab
757 3312 900 3372 cornibus
914 3313 947 3371 in
962 3318 1076 3371 utram-

174 3407 232 3462 que
246 3394 364 3476 partem
378 3387 491 3447 divisos
504 3388 681 3466 elephantos
694 3391 811 3451 statuit.
853 3391 968 3452 Oonsul
982 3389 1077 3450 effuse

173 3472 324 3540 sequentis
347 3464 471 3542 equites,
496 3485 567 3526 cum
590 3467 630 3528 ab
653 3469 861 3532 resistentibus
884 3469 985 3532 subito
1010 3469 1076 3530 Nu·
