2616 3790
420 210 423 214 ’
473 234 607 281 muna
634 235 729 300 xx1,
757 217 887 284 21-22.
1114 225 1174 290 101

226 411 410 470 quaeremus.
452 389 562 471 Itaque
589 412 659 452 cum
681 390 850 471 longinqua
873 413 893 455 a
915 393 1005 457 dano
1032 396 1124 459 instet

224 471 346 544 militia,
365 471 576 550 incertumque
599 472 648 543 sit,
672 472 795 551 quaudo
824 473 927 535 domos
951 485 1065 538 vestras
1093 487 1124 539 et

223 571 302 629 quae
315 551 426 629 cuique
439 551 483 610 ibi
497 571 569 610 cara
581 561 653 613 sunt
666 553 763 613 visuri
778 553 853 625 sitis,
867 554 893 613 si
907 555 974 634 quis
987 553 1123 618 vestrum

222 651 292 690 suos
305 631 437 692 invisere
446 630 521 703 volt,
536 641 737 693 commeatum
752 633 800 694 do.
835 633 940 694 Primo
954 655 1025 696 vere
1037 637 1123 698 edico

223 710 339 785 adsitis,
354 719 398 785 ut,
413 709 473 771 diis
486 710 562 772 bene
572 712 762 791 juvantibus,
776 711 893 774 bellum
909 715 1040 796 ingentis
1059 716 1123 798 glo·
1157 718 1177 780 δ

223 790 287 851 riae
300 791 493 871 praedaeque
505 790 644 852 futurum
658 792 869 872 incipiamus.”

263 869 415 932 Omnibus
428 872 492 932 fere
503 870 622 934 visendi
642 871 747 933 domos
766 873 872 934 oblata
890 873 972 937 ultro
992 885 1123 956 potestas

222 959 312 1030 grata
325 960 400 1025 erat,
413 960 445 1012 et
460 952 527 1032 jam
547 951 789 1014 desiderantibus
809 973 878 1014 suos
898 963 929 1016 et
949 955 1069 1036 longius
1089 959 1123 1018 in

221 1031 361 1091 futurum
375 1031 605 1124 providentibus
619 1032 811 1094 desiderium.
852 1033 914 1094 Per
932 1044 1031 1096 totum
1049 1045 1122 1097 tem·

222 1131 279 1190 pus
292 1111 401 1172 hiemis
415 1113 499 1190 quies
513 1113 593 1173 inter
606 1112 725 1174 labores
739 1121 795 1174 aut
810 1113 877 1194 jam
890 1115 1053 1176 exhaustos
1068 1125 1123 1178 aut
1137 1113 1177 1175 10

221 1211 296 1252 mox
313 1192 538 1253 exhauriendos
558 1193 719 1255 renovavit
740 1213 866 1274 corpora
886 1195 1061 1276 animosque
1081 1197 1122 1258 ad

220 1271 325 1332 omnia
337 1271 376 1333 de
390 1272 510 1352 integro
522 1272 676 1353 patienda.
718 1272 802 1337 Vere
816 1273 914 1353 primo
934 1275 975 1336 ad
988 1276 1123 1338 edictum

220 1371 412 1414 convenere.v

262 1431 434 1506 Hannibal,
449 1454 519 1494 cum
532 1435 729 1496 recensuisset
742 1435 878 1496 omnium
892 1435 1029 1514 gentium
1048 1457 1123 1497 aux-

220 1511 286 1586 ilia,
300 1511 398 1574 Gadis
412 1513 563 1592 profectus
582 1514 715 1576 Herculi
728 1524 801 1578 vota
821 1515 961 1589 exsolvit,
975 1517 1122 1596 novisque
1136 1513 1176 1574 15

219 1611 252 1653 se
266 1592 385 1672 obligat
396 1594 486 1667 votis,
500 1594 526 1654 si
546 1603 646 1655 cetera
664 1615 808 1674 prospera
825 1595 1002 1658 evenissent.
1044 1595 1122 1658 Indc

220 1673 355 1753 partiens
379 1694 469 1734 curas
492 1674 584 1734 simul
618 1676 653 1735 ia
689 1675 882 1736 inferendum
903 1684 996 1756 atquc
1019 1697 1122 1738 areen-

220 1753 295 1814 dum
315 1753 441 1827 bellum,
462 1773 509 1828 ne,
529 1755 603 1814 dum
624 1754 689 1834 ipse
708 1753 843 1816 terrestri
862 1775 917 1835 per
936 1755 1121 1836 Hispaniam

220 1832 401 1913 Galliasque
423 1833 531 1895 itinere
556 1832 680 1894 Italiam
704 1843 830 1915 peteret,
850 1835 936 1896 nuda
955 1846 1121 1916 apertaque

219 1913 369 1976 Romanis
391 1913 502 1975 Africa
528 1913 567 1975 ab
595 1914 702 1976 Sicilia
729 1923 814 1990 esset,
838 1915 944 1977 valido
969 1917 1120 1997 praesidio
1135 1921 1175 1981 20

218 1993 342 2056 firmare
362 2015 429 2055 eam
450 1995 575 2068 statuit;
596 2015 651 2074 pro
672 2016 707 2056 eo
728 1995 973 2076 supplementum
994 1997 1058 2077 ipse
1080 2017 1120 2058 ex

218 2073 331 2136 Africa
343 2075 478 2136 maxime
490 2075 707 2156 jaculatorum,
721 2075 837 2138 levium
857 2076 959 2150 armis,
972 2077 1069 2156 petiit,
1084 2086 1121 2138 ut

218 2154 292 2216 Afri
312 2155 345 2215 in
366 2154 529 2234 Hispania,
543 2154 678 2235 Hispani
698 2155 732 2215 in
745 2155 864 2230 Africa,
884 2156 993 2217 melior
1012 2157 1120 2237 procul

219 2235 259 2296 ab
273 2235 363 2296 domo
378 2236 499 2296 futunn
513 2244 640 2314 uterque
653 2235 749 2311 miles,
763 2235 850 2298 velut
863 2237 977 2297 mutuis
989 2237 1120 2318 pigneri-

219 2313 277 2376 bus
304 2315 441 2395 obligati,
468 2315 623 2394 stipendia
650 2315 792 2376 facerent
847 2315 1006 2377 Tredecim
1033 2317 1120 2378 milia
1135 2320 1175 2380 25

219 2397 408 2475 octingentos
432 2395 655 2474 quinquaginta
678 2395 795 2535 pedites
823 2404 952 2457 cetratos
980 2397 1064 2458 misit
1087 2398 1120 2458 in

218 2475 369 2550 Africam,
390 2483 421 2536 et
440 2474 609 2536 funditores
630 2475 677 2536 Ba
691 2496 772 2536 eares
793 2475 981 2555 octingentos
1001 2486 1120 2556 septuns

217 2555 314 2635 ginta,
329 2555 444 2636 equites
458 2555 569 2616 mixtos
583 2575 622 2615 ex
637 2555 742 2616 multis
755 2555 897 2636 gentibus
911 2556 997 2618 mille
1010 2558 1121 2619 ducen-

217 2645 273 2697 tos.
314 2635 382 2696 Has
407 2656 443 2696 co
464 2635 510 2696 ias
533 2636 647 2715 partim
671 2635 853 2715 Carthagini
873 2637 1024 2715 praesidio
1048 2659 1119 2712 esse,

217 2714 332 2796 partim
352 2656 494 2776 distribui
514 2736 569 2795 per
583 2715 724 2776 Africam
739 2715 837 2796 jubet.
879 2715 978 2778 Simul
998 2720 1120 2798 conqui·
1134 2723 1174 2785 30

216 2795 359 2858 sitatibus
373 2797 406 2856 in
420 2795 559 2858 civitates
573 2796 679 2869 missis,
691 2805 836 2875 quattuor
848 2797 935 2857 milia
949 2800 1066 2859 conscri
1088 2809 1120 2861 ta

207 2876 354 2958 *delectae
377 2876 559 2956 juventutis,
578 2876 767 2956 praesidium
792 2877 912 2937 eosdem
937 2885 968 2938 et
992 2821 1118 2954 obsides,

216 2956 289 3018 duci
310 2956 528 3097 Carthaninem
543 2957 640 3037 jubet.

256 3037 371 3098 XXII.
458 3057 534 3116 eque
561 3036 623 3098 His
645 3037 749 3098 aniam
776 3027 998 3118 neglegendam
1024 3048 1119 3114 ratus,

215 3125 309 3196 atque
329 3117 362 3177 id
383 3138 418 3178 eo
437 3117 547 3190 minus,
562 3057 644 3196 quod
657 3117 742 3178 haud
760 3118 885 3256 ignarus
903 3129 978 3193 erat,
994 3120 1120 3180 circum·
1135 3123 1173 3184 35

215 3197 292 3258 itam
307 3197 347 3258 ab
362 3197 510 3258 Romanis
530 3218 598 3258 eam
619 3197 728 3276 legatis
748 3217 767 3256 a
809 3197 1120 3278 sollicitandospriu-

215 3276 320 3356 cipum
341 3277 466 3351 animos,
486 3276 680 3338 Hasdrubali
700 3277 798 3349 fratri,
813 3277 881 3339 viro
901 3279 1031 3356 inpigro,
1053 3299 1120 3336 eam

214 3357 405 3435 provinciam
426 3357 567 3430 destinat,
582 3357 743 3434 firmatque
764 3375 834 3414 eum
848 3355 965 3415 Africis
986 3355 1120 3413 maxime

213 3436 384 3515 praesidiis,
397 3436 537 3516 peditum
550 3435 699 3495 Afrorum
718 3434 860 3494 undecim
881 3434 1005 3496 milibus
1025 3432 1120 3491 octin-
