2616 3790
453 227 586 299 arnna
611 247 705 319 xxi,
733 236 864 302 36-37.
1092 239 1156 304 115

201 407 386 482 Hannibali,
411 427 490 489 quae
517 427 564 468 res
591 417 760 470 moraretur
787 427 905 489 agmen,
933 409 1103 486 nuntiatur,

201 509 308 569 rupem
323 489 441 551 inviam
455 508 525 549 esse.
568 487 727 568 Digressus
745 489 856 550 deinde
869 490 933 570 ipse
946 490 986 551 ad
1000 491 1103 552 locum

201 569 371 632 visendum.
414 568 505 628 Haut
518 566 755 642 dubiaresvisa,
786 569 839 630 uin
854 569 1007 650 periuria
1022 570 1104 632 circa

201 669 257 710 nec
270 649 347 710 trita
359 657 461 720 antea,
472 647 612 728 quamvis
623 647 714 728 longo
722 669 774 708 am
796 649 851 722 itu,
862 649 1104 712 circumduceret

201 749 319 809 agmen.
361 727 411 789 Ea
431 747 505 790 vero
525 727 578 790 via
601 727 815 807 insuperabilis
839 728 919 802 fuit;
939 749 1011 791 nam
1032 749 1102 791 cum
1137 731 1157 792 6

201 829 290 886 super
303 817 437 872 veterem
452 808 556 869 nivem
575 807 722 868 intactam
743 827 824 869 nova
844 807 981 870 modicae
1000 810 1104 871 altitu-

201 889 282 950 dinis
302 898 387 962 esset,
409 887 496 949 molli
522 907 578 948 nec
602 887 759 967 praealtae
780 888 872 950 facile
893 889 984 969 pedes
1007 891 1105 970 ingre-

201 969 351 1030 dientium
372 967 554 1030 insistebant
561 987 570 1039 ;
593 977 628 1028 ut
647 987 720 1030 vero
744 977 790 1030 tot
813 968 971 1030 hominum
993 971 1105 1031 'umen-

202 1058 361 1128 torumque
382 1049 499 1110 incessu
521 1047 641 1128 dilapsa
662 1056 716 1121 est,
730 1068 786 1128 per
805 1048 920 1110 nudam
941 991 1022 1111 iniis
1042 1049 1106 1130 gla-

202 1130 277 1190 ciem
292 1129 497 1209 fluentemque
518 1127 621 1189 tabem
643 1127 836 1206 liquescentis
856 1129 937 1190 nivis
957 1129 1105 1210 ingredie-
1119 1129 1159 1193 10

202 1208 322 1270 bantur.
363 1208 475 1270 Taetra
495 1208 539 1269 ibi
561 1207 692 1268 luctatio
713 1217 787 1282 erat,
802 1208 854 1271 via
873 1208 993 1271 lubrica
1006 1210 1106 1290 glacie

201 1309 262 1351 non
275 1288 442 1368 recipiente
453 1288 616 1368 vestigium
631 1298 663 1349 et
679 1287 711 1347 in
725 1307 822 1368 prono
836 1289 926 1350 citius
941 1291 1031 1370 pedes
1049 1289 1106 1350 fal-

199 1368 292 1442 lente‚
313 1379 358 1442 ut,
378 1389 432 1429 seu
456 1370 597 1430 manibus
623 1368 656 1428 in
683 1368 875 1448 adsurgendo
899 1389 951 1430 seu
974 1389 1054 1448 genu
1075 1390 1107 1430 se

201 1449 397 1529 adjuvissent,
419 1449 491 1529 ipsis
510 1448 709 1510 adminiculis
754 1449 891 1528 rolapsis,
912 1449 1023 1510 iterum
1044 1470 1106 1510 cor·

201 1538 340 1603 ruerent;
361 1549 417 1590 nec
442 1530 550 1609 stirpes
574 1529 658 1590 circa
685 1549 720 1590 ra
743 1529 851 1602 icesve,
871 1529 912 1590 ad
934 1549 1009 1608 quas
1030 1529 1107 1610 pede
1122 1528 1161 1590 15

201 1618 255 1670 aut
276 1629 370 1670 manu
392 1610 459 1689 quis
481 1629 552 1669 uam
572 1609 647 1670 eniti
669 1618 778 1689 posset,
801 1617 905 1682 erant;
928 1609 973 1670 ita
992 1609 1024 1668 in
1045 1609 1107 1672 levi

200 1698 321 1750 tantum
332 1688 473 1768 glaciata
494 1689 605 1770 idaque
614 1691 686 1751 nive
696 1688 926 1752 volutabantur.
960 1687 1108 1751 lumenta

200 1769 345 1840 secabant
358 1769 511 1830 interdum
522 1770 614 1830 etiam
625 1770 762 1831 infimam
776 1769 979 1849 ingredientia
994 1770 1106 1844 nivem,

200 1858 231 1911 et
253 1849 398 1930 prolapsa
410 1849 571 1989 spectandis
595 1851 720 1929 gravius
741 1851 774 1912 in
799 1850 959 1912 conitendo
984 1850 1107 1929 ungulis

200 1929 322 2010 penitus
356 1929 595 2009 pertingebant,
622 1939 659 1990 ut
694 1930 848 2012 pleraque,
878 1931 965 1994 velut
998 1931 1108 2010 pedica
1122 1933 1161 1995 20

200 2018 300 2089 capta,
320 2009 479 2071 haererent
499 2010 532 2069 in
552 2009 631 2071 dura
650 2020 682 2073 et
701 2011 763 2072 alte
784 2022 926 2075 concreta
946 2011 1052 2094 glacie.

240 2088 423 2151 XXXVII.
464 2089 602 2151 Tandem
630 2092 815 2171 nequiquam
840 2095 987 2174 jumentis
1014 2109 1108 2180 atque

200 2168 377 2230 hominibus
389 2169 533 2250 fatigatis,
548 2181 648 2232 castra
669 2173 702 2232 in
718 2175 795 2252 jugo
818 2177 925 2256 posita,
941 2181 1108 2260 aegerrime

201 2249 242 2310 ad
262 2250 295 2310 id
316 2250 416 2329 ipsum
436 2250 503 2311 loco
522 2261 670 2330 purgato;
693 2261 813 2315 tantum
830 2257 910 2317 nivis
930 2259 1107 2321 fodiendum

202 2338 295 2408 atque
307 2330 490 2408 egerendum
504 2329 571 2392 fuit.
614 2331 693 2394 Inde
716 2334 757 2395 ad
777 2355 883 2416 rupem
901 2340 1107 2414 muniendam,
1123 2335 1162 2397 at

202 2428 258 2490 per
278 2429 370 2490 quam
390 2430 483 2471 unam
497 2411 550 2472 via
569 2431 632 2472 esse
652 2423 781 2492 poterat,
799 2418 910 2479 milites
929 2419 1024 2493 ducti,
1038 2441 1108 2481 cum

203 2489 390 2550 caedendum
412 2500 488 2551 esset
507 2511 625 2564 saxum,
649 2494 808 2557 arboribus
830 2499 911 2560 circa
934 2499 1108 2562 inmanibus

201 2569 328 2649 dejectis
355 2569 600 2651 detruncatisque
628 2582 743 2636 struem
773 2577 926 2657 ingentem
955 2579 1108 2660 lignorum

204 2649 331 2722 faciunt,
346 2669 481 2730 eamque,
496 2671 566 2712 cum
579 2661 611 2713 et
624 2655 671 2715 vis
687 2657 771 2718 venti
793 2667 867 2738 apta
885 2659 1024 2721 iaciendo
1043 2661 1107 2740 igni

204 2738 309 2790 coorta
341 2739 426 2803 esset,
452 2731 649 2807 succendunt,
680 2736 879 2818 ardentiaque
905 2759 982 2801 saxa
1008 2741 1108 2802 infuso
1122 2739 1162 2804 30

204 2817 291 2870 aceto
318 2810 535 2889 putrefaciunt
578 2813 628 2874 Ita
658 2817 805 2878 torridam
834 2819 975 2881 incendio
1002 2841 1109 2900 rupem

204 2889 285 2950 ferro
304 2889 454 2969 pandunt,
475 2891 680 2974 molliuntque
701 2897 889 2960 anfractibus
909 2900 1036 2962 modicis
1056 2901 1110 2962 cli-

204 2989 267 3043 vos,
282 2978 317 3030 ut
336 2989 398 3030 non
413 2971 555 3050 jumenta
576 2973 684 3049 solum,
698 2977 750 3037 sed
771 2978 926 3058 elephanti
946 2981 1039 3042 etiam
1060 2981 1109 3042 de·

203 3049 276 3110 duci
295 3059 425 3129 possent
468 3051 686 3130 Quadriduum
711 3057 793 3118 circa
817 3079 924 3139 rupem
951 3081 1109 3141 consump

204 3137 280 3203 tum,
303 3130 451 3209 jumentis
479 3152 573 3212 prope
601 3134 682 3196 fame
709 3135 895 3217 absumptis;
917 3140 1000 3200 nuda
1027 3142 1107 3200 enim
1123 3140 1162 3202 35

204 3209 267 3270 fere
287 3211 449 3272 cacumina
469 3222 549 3284 sunt,
565 3222 596 3274 et
619 3215 645 3274 si
669 3216 744 3294 quid
769 3227 815 3279 est
837 3218 954 3298 pabuli,
975 3219 1110 3281 obruunt

203 3290 298 3351 nives.
337 3289 488 3354 Inferiora
515 3292 611 3354 valles
639 3295 810 3374 apricosque
843 3299 989 3376 quosdam
1017 3299 1109 3356 colles

203 3369 328 3444 habent,
344 3371 485 3449 rivosque
528 3391 599 3450 rope
619 3372 722 3443 silvas,
736 3383 767 3432 et
783 3377 849 3450 jam
870 3378 1003 3432 humano
1022 3375 1109 3432 cultu

204 3450 348 3530 digniora
372 3449 450 3512 loca.
492 3392 543 3510 Ibi
563 3451 705 3529 jumenta
728 3451 762 3509 in
785 3451 933 3528 pabulum
957 3450 1057 3521 missa,
1078 3459 1109 3508 et
