2628 3796
497 205 632 254 mann
656 206 717 273 rx,
746 189 874 256 17-18.
1060 285 1063 290 Ι
1120 191 1184 258 209

228 362 399 424 avunculus
427 363 491 443 ejus
524 383 631 445 nuper,
658 363 749 445 Epiri
782 385 837 425 rex
865 363 1052 440 Alexander,
1079 363 1132 426 ab·

227 452 365 521 sumptus
385 454 461 507 erat.

268 522 398 584 XVIII.
414 523 457 584 Et
470 522 624 603 loquimur
637 522 675 584 de
688 523 869 586 Alexandro
883 523 1019 586 nondum
1035 537 1132 586 merso

227 603 367 664 secundis
381 603 479 677 rebus,
490 624 620 683 quarum
633 624 722 664 nemo
736 604 948 666 intolerantior
958 604 1026 666 fuit.
1068 603 1133 682 Qui

227 682 254 742 ei
275 703 315 743 ex
337 680 445 744 habitu
467 703 566 746 novae
587 683 727 745 fortunae
740 685 881 764 novique,
895 693 930 745 ut
952 684 995 746 ita
1018 684 1130 759 dicam,
1165 687 1186 748 5

228 763 353 842 ingenii,
374 762 456 842 quod
479 763 537 824 sibi
558 764 657 826 vietor
676 763 827 838 induerat,
847 785 861 825 s
900 773 1008 838 otetur,
1029 765 1131 827 Dareo

227 843 325 922 magis
338 842 447 903 similis
460 863 553 923 quam
566 842 747 905 Alexandro
761 843 795 904 in
808 843 859 906 Ita
873 845 936 905 iam
948 845 1087 920 venisset,
1101 853 1133 906 et

227 923 397 983 exercitum
411 923 609 984 Maoedoniae
619 923 750 984 oblitum
763 923 1055 1004 degenerantemque
1064 925 1132 1006 jam

227 1002 261 1061 in
275 1002 438 1062 Persarum
451 1023 548 1064 mores
557 1003 744 1066 adduxisset.
786 1003 912 1065 Referre
922 1005 955 1064 in
965 1014 1051 1066 tanto
1061 1025 1133 1085 rege

228 1083 312 1163 piget
346 1083 508 1162 superbam
535 1084 734 1144 mutationem
762 1084 863 1159 vestis,
890 1093 921 1145 et
948 1084 1132 1146 desideratas
1147 1087 1188 1150 10

227 1164 314 1223 humi
330 1164 498 1244 jacentium
519 1163 720 1238 adulationes,
741 1166 833 1226 etiam
847 1165 937 1227 victis
958 1165 1133 1226 Macedoni-

227 1245 283 1305 bus
303 1265 422 1324 graves,
438 1243 550 1305 nedum
565 1244 741 1319 victoribus,
763 1255 794 1306 et
813 1245 902 1306 foeda
921 1246 1081 1327 supplicia,
1102 1257 1133 1308 et

226 1325 306 1386 iuter
320 1326 427 1386 vinum
441 1335 472 1387 et
484 1326 589 1405 epulas
603 1326 709 1386 caedes
729 1326 905 1401 amisorum,
919 1336 950 1388 et
964 1327 1133 1390 vanitatem

226 1407 435 1467 ementiendae
448 1407 560 1486 stirpis.
602 1407 687 1484 Quid
707 1408 732 1468 si
747 1407 811 1471 vini
825 1428 911 1469 amor
924 1409 957 1468 in
970 1408 1035 1469 dies
1048 1409 1134 1470 lieret

226 1487 424 1567 acriorlquid
445 1488 471 1548 si
493 1496 567 1549 trux
589 1507 625 1548 ac
647 1488 841 1568 praefervida
861 1491 930 1550 irai
959 1491 1029 1564 (nec
1050 1491 1186 1570 quic-15

226 1590 320 1648 quam
343 1568 470 1629 dubium
493 1569 573 1630 inter
593 1571 753 1650 scriptores
774 1571 886 1651 refero)
909 1571 1036 1633 nullane
1056 1571 1131 1632 haec

226 1649 341 1711 damna
368 1651 570 1731 imperatoriis
597 1652 763 1714 virtutibus
790 1653 951 1714 ducimus?
997 1652 1036 1712 Id
1059 1673 1132 1715 vero

226 1731 399 1811 periculum
420 1741 494 1806 erat,
509 1732 591 1813 quod
611 1733 756 1796 levissimi
776 1754 815 1796 ex
837 1734 970 1809 Graecis,
985 1734 1038 1814 qui
1059 1734 1133 1795 Par·

227 1814 350 1874 thorum
378 1835 498 1895 quoque
525 1823 632 1876 contra
664 1836 775 1877 nomen
810 1815 984 1877 Romanum
1016 1815 1134 1895 gloriae

227 1894 341 1970 favent,
356 1896 498 1958 dictitare
511 1896 617 1972 solent,
631 1917 671 1958 ne
691 1898 878 1978 majestatem
893 1896 1024 1958 nominis
1038 1896 1133 1957 Alex·
1147 1897 1187 1962 20

226 1976 326 2051 andri,
347 1998 438 2057 quem
462 1998 501 2038 ne
525 1978 607 2039 fama
627 1977 752 2058 quidem
778 1978 840 2038 illis
868 1987 974 2039 notum
1001 1977 1134 2038 arbitror

227 2056 328 2131 fuisse,
348 2059 495 2120 sustinere
514 2080 576 2121 non
596 2059 730 2139 potuerit
753 2059 883 2140 populus
904 2060 1073 2132 Romanus,
1093 2067 1133 2133 et,

226 2137 371 2199 adversus
381 2160 471 2219 quem
482 2139 621 2215 Athenis,
633 2141 666 2200 in
680 2141 805 2204 civitate
817 2140 915 2203 fracta
928 2140 1134 2202 Macedonum

226 2219 328 2293 armis,
343 2231 497 2282 cernentes
510 2231 577 2283 tum
590 2222 724 2283 maxime
744 2243 838 2303 prope
852 2223 1003 2284 fumantes
1017 2221 1133 2282 Theba-

226 2319 295 2359 rum
319 2300 432 2375 ruinas,
455 2303 624 2364 contionari
647 2303 741 2364 libere
762 2304 829 2365 ausi
850 2304 912 2366 sint
933 2304 1079 2377 homines,
1100 2301 1133 2362 id
1148 2303 1188 2366 25

226 2380 308 2459 quod
323 2402 362 2442 ex
376 2385 578 2446 monumentis
598 2385 771 2447 orationum
791 2394 885 2465 patet,
899 2385 1043 2448 adversus
1063 2403 1133 2444 eum

227 2485 316 2526 nemo
343 2486 383 2526 ex
410 2474 456 2528 tot
483 2465 657 2547 proceribus
691 2467 839 2529 Romanis
867 2488 971 2529 vocem
1005 2465 1134 2527 liberam

228 2549 374 2609 missurus
401 2548 515 2610 fuerit?
565 2547 768 2626 Quantalibet
795 2546 974 2628 magnitudo
1002 2545 1134 2607 hominis

228 2629 420 2708 concipiatur
443 2629 563 2702 animo;
591 2629 682 2690 unius
702 2637 805 2689 tamen
825 2648 862 2689 ea
883 2628 1061 2707 magnitudo
1081 2627 1134 2688 ho·

228 2709 320 2770 minis
334 2710 402 2783 erit,
415 2708 545 2771 collecta
565 2708 658 2789 paulo
672 2707 742 2788 plus
756 2708 861 2770 decem
875 2728 1024 2769 annorum
1038 2707 1134 2770 felici·
1148 2707 1189 2771 30

227 2797 309 2862 tate3
330 2810 422 2868 qnam
457 2789 490 2850 ui
504 2809 539 2850 eo
553 2787 716 2861 extollunt,
727 2788 807 2868 quod
822 2787 953 2868 populus
967 2789 1134 2861 Romanus,

227 2869 284 2930 etsi
295 2869 381 2930 nullo
395 2810 486 2942 bello,
497 2869 602 2931 multis
615 2878 718 2930 tamen
732 2868 855 2948 proeliis
866 2868 966 2930 victus
978 2869 1027 2942 sit,
1039 2868 1135 2929 Alex·

228 2949 324 3010 andro
339 2949 453 3010 nullius
468 2969 588 3029 pugnae
601 2969 663 3008 non
677 2948 809 3010 secunda
823 2947 946 3009 fortuna
960 2949 1061 3022 fuerit,
1072 2968 1135 3008 non

228 3028 645 3108 intellegunt,seh0minisres
651 3027 865 3108 gestas,etejus
869 3028 998 3108 juvenis,
1006 3049 1075 3088 cum
1085 3049 1135 3107 po·

228 3109 296 3188 puli
305 3110 369 3189 jam
382 3109 664 3188 octingentesimum
676 3108 819 3172 bellantis
833 3128 948 3168 annum
963 3109 1052 3169 rebus
1066 3127 1135 3168 con·
1150 3106 1188 3169 35

228 3189 315 3250 ferre.
345 3189 503 3262 Miremur,
512 3189 546 3262 si,
555 3209 624 3249 cum
636 3209 674 3248 ex
686 3188 743 3248 hac
754 3196 839 3266 parte
850 3188 970 3249 saecula
980 3188 1071 3267 plura
1081 3208 1135 3247 nu·

228 3277 384 3330 merentur
401 3289 492 3348 quam
507 3289 545 3329 ex
559 3269 616 3328 illa
630 3268 712 3339 anni,
725 3267 794 3346 plus
807 3268 839 3327 in
854 3276 917 3328 tam
932 3267 1022 3345 longo
1035 3266 1135 3345 spatio

228 3369 322 3426 quam
336 3349 369 3409 in
384 3357 484 3409 aetate
497 3347 642 3408 tredecim
657 3367 806 3406 annorum
817 3347 941 3405 fortuna
951 3345 1136 3404 variaveritl

228 3427 315 3507 Quin
336 3437 371 3489 tu
392 3427 525 3489 hominis
538 3447 610 3488 cum
623 3425 747 3487 homine
760 3433 791 3485 et
804 3423 891 3484 ducis
904 3442 975 3482 cum
987 3421 1065 3480 duce
1078 3417 1136 3478 fcr-

329 3521 485 3587 14-nivy.
