2628 3796
385 300 389 304 ,
466 245 600 292 arnna
624 244 742 310 xxrr,
769 227 901 292 40-42.
1113 225 1177 292 185

228 403 367 466 transitio
380 411 490 484 parata
502 403 605 477 fuerit,
619 401 644 463 si
658 402 818 462 maturitas
834 409 1005 481 temporum
1019 419 1126 481 expec-

227 495 292 546 tata
306 485 393 545 foret.

268 564 359 626 XLI.
400 563 542 624 Ceterum
553 563 716 624 temeritati
728 561 859 623 consulis
873 582 909 623 ac
923 581 1126 642 praepropero

228 645 350 724 ingenio
371 645 530 704 materiam
550 644 642 704 etiam
664 643 788 704 fortuna
808 643 902 716 dedit,
917 642 999 722 quod
1013 643 1046 702 in
1059 662 1127 722 pro·

227 724 367 786 bibendis
391 722 623 803 praedatoribus
646 723 848 784 tumultuario
867 722 984 802 proelio
1003 742 1040 784 ac
1060 743 1127 802 pro-
1160 724 1180 786 5

228 825 317 866 cursu
338 805 435 884 magis
456 804 590 863 militum
610 823 701 882 quam
722 821 761 863 ex
781 813 962 882 praeparato
976 811 1031 863 aut
1039 803 1127 881 jussu

227 888 445 964 imperatorum
468 891 536 944 orto
563 882 801 962 haudquaquam
825 903 883 961 par
906 881 1016 943 Poenis
1039 881 1126 942 dimi·

227 966 308 1026 catio
328 964 396 1024 fuit.
438 963 491 1024 Ad
512 962 597 1023 mille
617 970 647 1023 et
666 961 850 1041 septingenti
871 962 1036 1036 cassinen
1057 962 1126 1041 plus

227 1054 350 1106 centum
371 1043 579 1104 Romanorum
598 1041 808 1121 sociorumque
827 1041 941 1103 occisis.
982 1041 1126 1104 Ceterum

225 1124 403 1196 victoribus,
425 1123 517 1183 effuse
541 1121 734 1202 sequentibus
759 1131 841 1183 metu
864 1122 1053 1196 insidiarum,
1075 1122 1126 1184 ob·
1141 1126 1180 1187 10

225 1204 305 1265 stitit
324 1203 441 1264 Paulus
462 1202 576 1276 consul,
591 1203 677 1282 cujus
697 1222 732 1263 eo
754 1202 804 1263 die
825 1203 912 1276 (nam
928 1203 1054 1264 alternis
1071 1203 1127 1263 im·

224 1283 415 1364 peritabant)
441 1283 602 1363 imperium
626 1292 700 1356 erat,
722 1281 864 1344 Varrone
887 1283 1066 1362 indignante
1090 1304 1126 1345 ac

224 1364 419 1437 vociferante,
431 1363 588 1423 ‘emissum
599 1362 714 1423 hostem
726 1382 743 1423 e
753 1362 895 1424 manibus
908 1363 1125 1443 debellarique,

224 1447 258 1505 ni
279 1452 427 1504 cessatum
447 1443 533 1514 foret,
554 1443 705 1523 potuisse!
746 1442 908 1503 Hannibal
929 1443 961 1503 id
978 1443 1125 1503 damnum

224 1524 308 1584 haud
329 1523 493 1604 aegerrime
512 1525 596 1603 pati;
617 1524 691 1603 quin
712 1523 813 1603 potius
834 1522 956 1583 credere
975 1523 1062 1585 velut
1082 1523 1125 1582 in·
1140 1525 1178 1587 15

223 1613 357 1665 escatam
377 1603 579 1664 temeritatem
600 1603 755 1665 ferocioris
776 1603 907 1664 consulis
925 1623 962 1663 ao
975 1623 1124 1665 novorum

223 1685 358 1745 maxime
382 1684 515 1744 militum
539 1704 610 1744 esse.
650 1683 694 1744 Et
714 1685 818 1744 onmia
838 1684 867 1744 ei
886 1683 1020 1744 hostium
1041 1684 1124 1744 haud

222 1785 308 1825 secus
325 1784 417 1843 quam
437 1783 493 1824 sua
513 1773 587 1825 nota
607 1772 711 1824 erant:
734 1763 894 1824 dissimiles
913 1763 1124 1846 discordesque

223 1844 407 1925 imperitare,
432 1845 508 1905 duas
530 1865 625 1924 prope
648 1853 750 1924 partes
774 1845 909 1908 tironum
933 1844 1066 1906 militum
1090 1846 1123 1905 in

222 1926 359 1986 exercitu
370 1945 439 1985 esse.
481 1924 590 2004 Itaque
600 1925 702 1986 locum
716 1933 746 1985 et
759 1933 879 2004 tempus
889 1925 1006 1985 insidiis
1017 1934 1123 2005 aptum
1138 1928 1177 1990 20

222 2025 254 2066 se
273 2004 386 2065 babere
406 2013 499 2078 ratus,
520 2013 609 2065 nocte
627 2005 778 2085 proxima,
799 2004 878 2065 nihil
897 2013 1018 2085 praeter
1038 2025 1124 2066 arma

222 2085 337 2146 serente
360 2105 462 2146 secum
490 2085 597 2158 milite,
621 2094 722 2146 castra
745 2086 838 2165 plena
862 2086 959 2146 omnis
983 2086 1124 2146 fortunae

222 2165 365 2245 publicae
391 2165 590 2244 privataeque
617 2164 774 2244 relinquit,
798 2175 942 2245 transque
968 2165 1123 2245 proximos

221 2247 333 2306 montis
344 2244 434 2306 laeva
444 2245 559 2324 pedites
569 2246 732 2306 instructos
746 2247 859 2319 condit,
874 2247 984 2306 dextra
997 2246 1122 2325 equites,

222 2325 440 2406 impedimenta
450 2345 504 2405 per
514 2325 685 2387 convallem
700 2326 832 2386 mediam
846 2325 1037 2399 traducitur
1049 2325 1122 2386 diri·
1136 2326 1175 2388 25

221 2406 341 2485 piendis
354 2405 440 2467 velut
461 2405 585 2467 desertis
605 2406 680 2486 fuga
699 2407 893 2467 dominorum
914 2406 1019 2467 castris
1037 2426 1124 2466 occu·

244 2495 329 2546 atum
343 2486 573 2566 impeditumque
585 2485 703 2548 hostem
717 2487 909 2566 opprimeret.
950 2485 1057 2546 Crebri
1079 2507 1123 2546 re·

222 2505 289 2626 lioti
303 2567 336 2627 in
350 2567 455 2642 castris
469 2568 563 2646 ignes,
577 2576 613 2628 ut
627 2566 700 2627 fides
714 2567 808 2640 fieret,
823 2566 897 2627 dum
918 2564 982 2646 ipse
1002 2565 1122 2646 longius

221 2647 355 2726 spatium
376 2647 450 2727 fuga
469 2648 667 2728 praeciperet,
687 2647 766 2722 falsa
790 2648 924 2727 imagine
944 2657 1121 2721 castrorum,

220 2729 300 2788 sicut
320 2726 454 2788 Fabium
474 2728 575 2808 priore
595 2748 676 2789 anno
696 2727 859 2789 frustratus
873 2736 958 2802 osset,
972 2737 1074 2789 tenere
1087 2729 1121 2789 in
1136 2729 1175 2792 30

221 2805 295 2866 locis
314 2808 450 2868 consules
464 2809 603 2871 voluisse.
896 2836 900 2842 ·

136 2883 138 2890 ’
261 2887 369 2949 XLII.
411 2887 474 2950 Ubi
503 2889 627 2963 inluxit,
650 2888 818 2950 subductae
841 2889 940 2969 primo
967 2889 1121 2963 stationes,

220 2965 330 3028 deiude
344 2969 469 3048 propius
483 2969 665 3030 adeuntibus
685 2970 842 3030 insolitum
856 2970 1011 3031 silentium
1026 2970 1121 3030 admi-

221 3049 369 3108 rationem
383 3049 463 3109 fecit
505 3048 578 3110 Jam
592 3049 665 3110 satis
676 3059 820 3129 conperta
833 3050 998 3112 solitudine
1012 3051 1044 3110 in
1059 3070 1121 3110 oas-

219 3129 283 3201 tris,
293 3149 456 3188 concursus
470 3129 505 3189 fit
519 3129 559 3188 ad
572 3130 726 3208 praetoria
739 3129 896 3190 consulum
910 3131 1120 3191 nuntiantium
1135 3129 1174 3190 35

220 3207 324 3286 fugam
340 3209 471 3269 hostium
487 3209 563 3269 adeo
577 3210 736 3289 trepidam,
748 3218 784 3269 ut
797 3209 1002 3270 tabernaculis
1015 3211 1120 3270 stanti-

220 3286 276 3348 bus
296 3299 396 3349 castra
416 3289 604 3368 reliquerint,
626 3309 747 3368 quoque
766 3288 841 3367 fuga
861 3289 1015 3350 obscurior
1036 3297 1120 3361 esset,

220 3368 338 3428 crebros
359 3370 452 3428 etiam
473 3369 593 3428 relictos
613 3369 702 3447 ignis.
743 3367 868 3428 Clamor
887 3369 958 3426 iude
979 3377 1070 3433 ortus,
1086 3377 1121 3424 ut

217 3448 305 3526 sigua
325 3449 455 3529 proferri
471 3448 615 3528 juberent
629 3449 834 3524 ducerentque
847 3445 887 3504 ad
901 3443 1120 3522 persequendos
