2572 3790
1 3429 3 3508 ,

132 216 177 291 72
305 235 397 286 urm
421 237 521 288 n1v1
544 236 601 286 nn
625 236 741 288 vasu
770 237 963 286 sonorus

185 395 251 472 dus,
259 395 469 475 indictumque
477 393 650 476 junioribus
664 394 855 468 Iatinorum,
866 402 951 456 uter
965 394 1087 458 foedere

185 477 236 538 die
258 486 342 538 certa
368 475 408 537 ad
436 475 541 536 lucum
564 475 747 535 Ferentinae
773 475 886 535 armati
913 475 1086 554 frequentes

185 557 333 618 adessent
374 555 439 632 Qui
466 555 521 615 ubi
548 554 588 616 ad
615 554 758 615 edietum·
778 554 913 616 Romani
941 557 1020 636 regis
1047 575 1088 617 ex

185 636 326 698 omnibus
348 634 469 728 populis
493 653 671 706 convenere,
693 653 732 694 ne
754 633 864 694 ducem
891 655 982 695 suum
1008 655 1087 698 neve

152 715 173 776 b
184 725 332 777 secretum
346 715 508 794 1mperium
519 713 680 855 ρτοχίξίανο
693 713 782 793 signa
794 712 953 788 haberent,
963 715 1087 776 miscuit

184 794 358 886 manipplos
378 814 419 855 ex
439 793 560 855 Latinis

100 889 103 896 '
183 875 272 956 gulos
298 876 413 937 faceret
440 874 585 954 binosque
612 893 650 934 ex
678 873 825 954 singulis;
853 874 898 935 ita
923 875 1087 955 geminatis

43 954 165 1094 f
184 955 351 1034 manipulis
372 954 562 1015 centuriones
582 954 725 1033 inposuit.

152 1073 157 1082 ·
225 1035 317 1096 LIII.
359 1034 434 1107 Nec,
449 1044 483 1095 ut
497 1033 628 1113 injustus
642 1033 674 1092 in
689 1053 764 1114 pace
780 1054 845 1107 rex,
859 1033 905 1095 ita
924 1034 990 1094 dux
1010 1034 1087 1095 belli

134 1111 172 1174 10
186 1136 299 1194 pravus
313 1115 390 1186 fuit3
412 1114 487 1194 quin
502 1134 538 1174 ea
551 1122 618 1174 arte
631 1123 788 1192 aequasset
807 1115 975 1193 superiores
992 1135 1088 1192 reges,

186 1194 220 1254 ni
234 1194 449 1273 degeneratum
464 1194 496 1253 in
510 1193 580 1254 aliis
594 1194 666 1254 huic
680 1214 800 1274 quoque
813 1194 917 1254 decori
930 1195 1086 1255 offecisset.

188 1274 220 1336 Is
238 1275 355 1354 primus
368 1273 490 1335 Volscis
511 1273 627 1334 bellum
649 1275 688 1344 in,
701 1273 846 1335 ducentos
866 1275 999 1352 amplius
1019 1283 1088 1353 post

185 1373 271 1416 suam
294 1363 423 1414 aetatem
446 1374 541 1414 annos
563 1355 669 1427 movit,
691 1353 891 1434 Suessamque
915 1353 1088 1415 Pometiam

185 1455 224 1495 ex
245 1435 281 1494 iis
302 1435 334 1495 vi
354 1434 443 1512 cepit.

133 1511 172 1572 15
225 1513 290 1576 Ubi
307 1534 374 1574 cum
394 1513 588 1575 divendenda
608 1513 723 1592 praeda
744 1512 948 1592 quadraginta
968 1512 1089 1573 talenta

185 1595 306 1674 argenti
320 1593 480 1666 refecisset,
496 1595 635 1673 concepit
649 1594 752 1653 animo
767 1613 834 1653 eam
849 1593 1087 1672 amplitudinem

185 1675 274 1738 Jovis
297 1675 413 1753 templi,
436 1694 514 1753 quae
535 1675 629 1753 digna
652 1671 743 1733 deum
766 1673 985 1751 hominumque
1007 1692 1088 1752 rege,

186 1775 264 1836 quae
279 1755 417 1816 Romano
432 1755 568 1833 imperio,
583 1774 661 1832 quae
682 1753 776 1832 ipsius
796 1753 889 1812 etiam
904 1752 964 1812 loci
982 1753 1088 1832 majes-

185 1845 250 1896 tate
262 1847 354 1907 esset;
376 1835 531 1913 captivam
545 1833 705 1913 pecuniam
720 1833 753 1892 in
767 1832 1008 1894 aedificationem
1022 1833 1088 1912 ejus

133 1915 293 1995 20templi
307 1917 447 1994 seposuit.
787 1976 788 1980 ,

226 1996 360 2074 Excepit
370 1995 481 2055 deinde
490 1993 680 2055 eumlentius
690 2014 743 2073 spe
753 1991 878 2065 bellum,
887 2012 947 2071 quo
962 1991 1087 2066 Gabios,

97 2025 192 2133 s
185 2077 388 2156 propinquam
403 2075 519 2148 urbem,
533 2074 718 2154 nequiquam
733 2074 765 2136 vi
778 2073 912 2146 adortus,
927 2092 997 2133 curn
1011 2072 1089 2133 obsi·

187 2156 278 2220 deudi
294 2176 413 2234 quoque
426 2156 533 2215 urbem
548 2175 615 2233 spes
629 2154 717 2233 pulso
731 2174 750 2214 a
765 2152 922 2214 moenibus
942 2152 1089 2231 adempta
1205 2235 1213 2244 ..

187 2246 271 2310 esset,
286 2245 436 2315 postremo
452 2236 576 2295 minime
588 2245 655 2294 arte
669 2234 818 2307 Romana,
832 2233 941 2293 fraude
955 2253 992 2293 ae
1005 2231 1087 2306 dolo,

134 2318 174 2378 25
187 2316 345 2396 adgressus
363 2324 416 2377 est.
459 2315 541 2374 Nam
556 2335 635 2388 cum,
651 2313 736 2374 velut
755 2314 853 2392 posito
873 2311 964 2384 bello,
978 2311 1088 2372 funda·

187 2397 297 2456 mentis
311 2395 418 2474 templi
428 2395 578 2474 jaciendis
599 2394 728 2472 aliisque
744 2391 868 2454 urbanis
888 2391 1028 2471 operibus
1043 2393 1088 2450 in·

187 2484 305 2537 tentum
319 2496 351 2536 se
364 2495 427 2536 esse
440 2475 607 2547 simularet,
622 2475 733 2536 Sextus
747 2473 828 2533 iilius
842 2473 914 2551 ejus,
929 2472 981 2552 qui
999 2472 1088 2532 mini-

187 2557 255 2616 mus
272 2575 311 2615 ex
327 2554 426 2638 tribus
439 2564 514 2628 erat,
528 2555 695 2634 transfugit
715 2575 755 2614 ex
775 2553 940 2633 composito
961 2551 1087 2625 Gabios,

187 2635 283 2715 patris
310 2635 344 2695 in
376 2655 408 2695 se
437 2635 597 2697 saevitiam
626 2632 850 2695 intolerabilem
881 2653 1086 2712 conquerens:

134 2715 174 2777 30
189 2717 269 2795 ‘jam
289 2715 329 2775 ab
349 2714 456 2776 alienis
477 2716 510 2775 iu
530 2735 599 2776 suos
619 2715 744 2776 vertisse
764 2735 799 2774 su
822 2713 946 2784 erbiam‚
961 2720 992 2772 et
1012 2711 1086 2772 libe·

187 2815 290 2856 rorum
311 2813 431 2874 quoque
451 2815 520 2855 eum
541 2794 728 2875 frequentiae
746 2802 779 2855 ta
818 2813 876 2866 ere,
892 2801 934 2865 ut,
949 2811 1040 2871 quam
1054 2792 1088 2852 iu

187 2875 273 2936 curia
299 2874 496 2935 solitudinem
523 2874 637 2947 fecerit,
663 2873 746 2934 domi
773 2892 893 2953 quoque
920 2872 1023 2944 faciat,
1048 2870 1098 2932 ne¹

187 2975 279 3034 quam
304 2955 439 3033 stirpem,
465 2973 503 3014 ne
531 2973 620 3033 quem
648 2953 790 3014 heredem
814 2953 900 3033 regni
924 2951 1087 3031 relinquat.

187 3037 226 3097 Se
240 3034 364 3115 quidem
380 3034 461 3094 inter
473 3032 536 3094 tela
549 3042 580 3094 et
593 3032 711 3112 gladios
732 3034 828 3112 patris
849 3033 986 3111 elapsum
1007 3031 1087 3091 nihil

135 3113 174 3175 35
188 3134 316 3192 usquam
331 3112 390 3174 sibi
406 3121 508 3174 tutum
521 3113 580 3173 nisi
594 3113 678 3191 apud
691 3113 791 3173 hostes
805 3113 842 3174 L.
857 3111 1005 3191 Tarquini
1026 3131 1088 3170 cre·

188 3193 309 3254 didisse.
349 3191 432 3252 Nam
451 3212 491 3252 ne
511 3201 656 3264 errarent,
670 3211 792 3252 manere
808 3193 845 3252 iis
864 3192 990 3263 bellum,
1005 3189 1089 3269 quod

188 3271 322 3364 positum
341 3270 509 3343 simuletur,
527 3280 559 3331 et
579 3290 632 3348 per
653 3271 839 3331 occasionem
859 3291 929 3330 eum
951 3272 1090 3331 incautos

189 3369 377 3411 invasurum.
419 3349 511 3425 Quod
524 3350 550 3409 si
564 3349 647 3429 apud
660 3369 709 3410 eos
723 3349 913 3428 supplicibus
927 3350 1012 3410 loeus
1026 3369 1090 3410 non

611 793 796 872 omanisque,
811 804 847 855 ut
867 815 907 855 ex
926 795 1007 856 binis
1027 795 1087 856 sin·
1167 791 1172 798 ’
