2572 3790
479 232 611 280 mann
636 233 662 298 1,
689 215 819 282 20-21.
1102 217 1144 284 at

192 391 344 455 antistites
364 397 471 463 essent,
491 389 677 468 stipendium
697 389 736 449 de
755 388 880 469 publico
900 388 1017 463 statuit,
1032 390 1092 454 vir·

190 475 321 553 ginitate
341 470 471 549 aliisque
492 469 683 532 caerimoniis
702 468 889 532 venerabiles
913 491 950 530 ac
972 481 1092 532 sanctas

189 555 272 618 fecit

231 636 330 698 Salios
344 637 417 697 item
432 634 592 696 duodecim
607 633 703 694 Marti
714 632 852 698 Gradivo
867 633 950 714 legit,
960 634 1093 696 tunicae-

188 737 249 796 que
270 717 371 796 pictae
390 716 509 794 insigne
531 714 615 775 dedit
639 723 669 776 et
692 733 783 794 super
805 715 942 775 tunicam
964 735 1092 776 aeneum
1126 715 1146 775 5

188 799 304 876 pectori
332 806 492 876 tegumen3
522 794 723 873 caelestisque
750 815 845 868 arma,
874 815 952 873 quae
978 795 1092 856 ancilia

187 877 393 956 appellantur,
407 878 487 938 ferre
500 896 536 937 sc
550 896 606 954 per
621 874 726 936 urbem
741 875 785 936 ire
799 884 941 936 canentes
955 875 1092 936 carmina

187 979 259 1019 cum
273 958 416 1037 tripudiis
430 956 632 1034 sollemnique
646 955 760 1016 saltatu
771 957 870 1035 jussit.
1074 1013 1082 1024 ,

229 1038 407 1100 Pontificem
422 1037 533 1098 deinde
547 1035 683 1096 Numam
697 1036 859 1112 Marcium,
868 1038 968 1100 Marci
982 1039 1091 1113 filium,

186 1137 227 1178 ex
249 1118 387 1198 patribus
409 1118 493 1198 legit,
515 1117 603 1197 eique
628 1137 715 1178 sacra
739 1118 841 1178 omnia
863 1118 1016 1198 exscripta
1040 1140 1091 1180 ex·
1106 1117 1145 1181 10

185 1198 365 1278 signataque
379 1199 530 1271 attribuit,
542 1198 654 1278 quibus
669 1197 783 1271 hostiis,
800 1199 909 1277 quibus
923 1195 1043 1278 diebus(
1050 1199 1090 1260 ad
1117 1201 1187 1244 -s

186 1298 265 1357 quac
279 1278 394 1358 templa
406 1299 493 1340 sacra
507 1279 731 1357 fierentdatque
746 1279 826 1340 unde
840 1280 873 1338 in
887 1301 936 1340 eos
949 1291 1090 1358 sumptus

185 1359 316 1436 pecunia
336 1369 519 1438 erogaretur.
562 1360 670 1421 Cetera
694 1379 814 1440 quoque
838 1361 941 1421 omnia
963 1359 1090 1439 publica

185 1439 367 1519 privataque
389 1461 477 1501 sacra
502 1440 653 1520 pontificis
677 1440 761 1502 scitis
787 1441 924 1520 subjecit,
945 1449 981 1500 ut
1003 1449 1089 1514 esset,

185 1539 246 1598 quo
270 1519 441 1581 consultum
465 1519 569 1614 plebes
593 1521 720 1594 veniret,
742 1541 781 1582 ne
801 1521 876 1600 quid
897 1520 995 1582 divini
1011 1519 1089 1598 juris
1104 1517 1143 1580 15

95 1598 99 1604 '
185 1600 371 1679 neglegendo
395 1612 509 1680 patrros
534 1609 610 1661 rrtus
637 1602 870 1681 peregrinosque
894 1600 1088 1662 adsciscendo

184 1680 376 1752 turbaretur;
390 1701 445 1742 nec
460 1680 602 1741 caelestes
616 1681 706 1742 modo
722 1681 928 1754 caerimonias,
942 1679 994 1742 sed
1004 1681 1089 1760 justa

205 1780 303 1840 uoque
323 1760 465 1821 funebria
484 1761 711 1840 placandosque
726 1781 829 1822 manes
843 1770 879 1823 ut
892 1760 973 1822 idern
988 1761 1087 1841 ponti·

183 1780 236 1900 iex
250 1841 395 1912 edoceret,
410 1860 548 1920 quaeque
561 1841 702 1921 prodigia
717 1840 898 1902 fulminibus
912 1841 1013 1902 aliove
1027 1862 1087 1920 quo

184 1921 252 1981 visu
273 1921 363 1981 missa
382 1922 608 1999 susciperentur
632 1930 724 2000 atque
747 1930 936 1982 curarentur.
976 1921 1030 1982 ad
1050 1943 1087 1982 es
1100 1920 1141 1983 20

183 2000 334 2062 elicienda
356 2021 395 2062 ex
421 2001 573 2062 mentibus
598 2000 710 2062 divinis
728 2000 803 2064 Jovi
823 2001 926 2063 Elicio
946 2021 1032 2062 aram
1052 2002 1086 2063 in

183 2080 340 2142 Aventino
359 2081 484 2154 dicavit,
499 2081 650 2162 deumque
672 2082 825 2144 consuluit
847 2081 992 2162 auguriis,
1007 2102 1086 2161 quae

182 2161 492 2239 suscipiendaesscnt
815 2219 816 2224 ,

223 2241 317 2302 XXI.
358 2241 412 2302 Ad
426 2241 501 2303 haec
516 2242 717 2304 consultanda
734 2243 987 2324 procurandaque
1008 2244 1085 2304 mul-

182 2321 315 2382 titudine
324 2323 407 2382 omni
422 2322 482 2385 avi
496 2331 527 2383 et
541 2324 634 2384 armis
649 2344 804 2398 conversa,
813 2333 844 2384 et
857 2324 952 2384 animi
967 2324 1083 2402 aliquid
1099 2321 1138 2382 25
1207 2387 1210 2391 ,

182 2402 299 2480 agendo
319 2403 460 2481 occupati
481 2415 578 2474 erant,
600 2412 631 2464 et
654 2405 779 2464 deorum
805 2404 926 2464 assidua
950 2405 1084 2465 insidens

182 2501 265 2555 cura,
286 2503 356 2542 cum
377 2483 519 2544 interesse
539 2484 630 2544 rebus
651 2484 794 2546 humanis
819 2483 947 2545 caeleste
970 2505 1083 2545 numen

181 2562 346 2637 videretur,
366 2583 403 2623 ea
427 2563 541 2643 pietate
564 2565 701 2626 omnium
722 2575 846 2645 pectora
866 2564 1026 2637 imbuerat,
1048 2575 1084 2626 ut

69 2711 77 2720 ε
181 2640 253 2702 fides
277 2663 314 2704 ac
333 2643 714 2724 jusjurandumffproximo
734 2646 837 2725 legum
858 2665 895 2706 ac
915 2665 1081 2724 poenarum

180 2723 432 2826 metulcivitatem
449 2733 596 2802 regerent.
639 2725 765 2786 Etcum
781 2726 838 2804 ipsi
852 2746 884 2786 se
897 2725 1033 2786 homines
1048 2727 1081 2786 in
1096 2725 1137 2787 30
1158 2727 1241 2788 sr'

180 2803 268 2881 regis,
291 2803 378 2865 velut
407 2804 491 2864 unici
519 2805 662 2884 exempli,
691 2825 788 2866 mores
815 2806 990 2879 formarent,
1015 2816 1081 2866 tum

179 2881 311 2944 finitumi
333 2883 425 2944 etiam
446 2883 562 2962 populi,
578 2885 630 2964 qui
654 2894 744 2946 antea
766 2895 874 2958 castra,
892 2905 953 2945 non
973 2885 1081 2947 urbem

178 2963 309 3040 positam
333 2964 366 3023 iu
389 2963 489 3024 medio
511 2963 552 3023 ad
573 2964 800 3025 sollicitandam
820 2965 956 3025 omnium
973 2985 1078 3044 pacem

87 3049 94 3062 '
178 3043 379 3116 crediderant,
403 3044 435 3103 in
459 3063 527 3104 earn
550 3045 767 3106 verecundiam
792 3044 919 3105 adducti
942 3054 1022 3116 sunt,
1045 3056 1081 3107 ut

178 3121 335 3185 civitatem
358 3132 455 3184 totam
479 3123 512 3183 in
537 3124 656 3186 cultum
677 3145 798 3189 versam
819 3124 946 3186 deorum
964 3125 1080 3188 violare
1094 3124 1132 3186 35

178 3201 324 3265 ducerent
344 3204 436 3265 nefas.
1123 3241 1127 3248 ·

217 3283 321 3346 Lucus
335 3291 409 3357 erat,
419 3303 508 3362 quem
519 3283 653 3344 medium
667 3305 707 3344 cx
721 3304 815 3362 opaco
828 3303 920 3363 specu
934 3283 1001 3342 fons
1014 3303 1078 3360 per·

177 3364 248 3423 euni
270 3363 391 3442 rigabat
411 3383 508 3442 aqua:
531 3384 590 3441 quo
605 3365 678 3442 quis
691 3383 723 3422 se
737 3383 879 3441 persaepe
892 3362 996 3420 Numa
1014 3363 1078 3420 sine

177 3442 301 3504 arbitris
315 3442 455 3504 velutad
470 3462 662 3522 congressum
676 3442 751 3502 deae
765 3441 922 3512 inferebat,
937 3439 1077 3498 Camenis
