2572 3790
507 203 641 261 trans
665 215 691 280 1,
718 197 803 262 8-9.
1112 193 1155 260 at

242 371 404 434 Crescebat
428 371 551 432 interim
575 370 647 432 urbs
672 368 892 430 munitionibus
919 369 982 431 alia
1008 377 1115 450 atque·

201 453 264 514 alia
292 453 463 531 adpetendo
492 452 568 524 loca,
594 471 663 511 cum
691 451 723 510 in
751 471 835 529 spem
859 451 955 529 magis
979 449 1102 511 futurae

201 533 409 608 multitudiuis
431 553 523 610 quam
544 531 583 590 ad
604 531 646 604 id,
661 531 742 612 quod
763 539 829 590 tum
850 531 1008 590 hominum
1023 537 1099 604 erat,

201 614 365 673 munirent.
407 611 537 683 Deinde,
551 631 590 670 ne
610 631 691 672 vana
711 610 796 670 urbis
818 611 995 689 magnitudo
1014 619 1101 685 esset,

201 693 392 753 adliciendae
416 691 624 751 multitudinis
649 711 749 766 eausa,
759 699 860 751 vetere
884 691 1012 752 oonsilio
1032 711 1101 752 eon·
1134 687 1155 748 5

201 773 340 833 dentium
360 771 459 845 urbes,
475 771 537 850 qui,
549 770 708 831 obscuram
728 780 820 850 atque
840 771 987 830 humilem
1004 772 1101 831 conci·

200 853 280 913 endo
300 852 341 913 ad
360 872 392 912 se
412 851 653 928 multitudinem,
664 859 767 910 natam
782 871 799 910 e
812 859 895 912 terra
911 850 969 910 sibi
983 850 1101 930 prolem

201 933 452 1005 ementiebantur,
467 931 579 1004 locum,
594 931 647 1010 qui
661 951 743 991 nune
757 940 879 1010 saeptus
896 931 1101 992 descendenti·

201 1012 258 1072 bus
275 1013 354 1072 inter
372 1012 447 1072 duos
468 1012 551 1072 lucos
571 1020 625 1084 est,
639 1011 759 1090 asylum
773 995 889 1091 aperit*
922 1011 969 1072 Εο
983 1031 1022 1071 ex
1036 1011 1102 1072 lini-

201 1092 284 1152 timis
304 1092 425 1172 populis
445 1092 537 1153 turba
557 1092 655 1152 omnis
675 1091 740 1152 sine
761 1092 944 1166 discrimine,
961 1091 1041 1152 liber
1059 1111 1101 1152 an
1116 1084 1182 1174 10..

201 1193 305 1233 servus
329 1180 413 1245 esset,
428 1172 522 1234 avida
546 1191 696 1233 novarum
720 1193 821 1232 rerum
865 1173 986 1252 effugit,
1008 1172 1101 1253 idque
1168 1192 1179 1210 ⁹

200 1253 335 1332 primum
349 1252 389 1312 ad
403 1262 540 1332 coeptam
555 1252 798 1330 magnitudinem
813 1193 928 1313 roboris
942 1253 1009 1313 fuit
1149 1258 1160 1296 ⁴

243 1332 321 1392 Cum
330 1334 396 1411 jam
411 1332 524 1393 virium
535 1331 619 1392 baud
630 1332 806 1411 paeniteret,
818 1333 977 1393 eonsilium
991 1329 1102 1392 deinde

201 1411 318 1474 viribus
338 1419 446 1490 parat:
468 1420 590 1472 eentum
611 1421 694 1472 areat
714 1423 874 1486 senatores,
895 1413 959 1474 sive
979 1412 1053 1490 quia
1074 1411 1099 1471 is

201 1509 345 1552 numerus
365 1492 439 1552 satis
459 1501 534 1565 erat,
547 1493 612 1553 sive
626 1493 700 1572 quia
718 1492 777 1552 soli
796 1501 919 1553 eentum
937 1499 1033 1564 erant,
1049 1491 1101 1570 qui
1116 1483 1155 1546 15

202 1572 299 1632 creari
312 1580 414 1651 patres
427 1581 706 1652 possent-patres
720 1582 802 1634 certe
818 1572 858 1633 ab
872 1573 995 1645 honore,
1008 1571 1101 1652 patri·
1184 1636 1193 1646 ,

201 1653 302 1730 eiique
315 1653 473 1732 progenies
486 1673 589 1714 eorum
604 1653 761 1733 appellati
1150 1714 1154 1730 ,

242 1731 304 1793 IX„
344 1731 418 1795 dam
438 1753 485 1794 res
507 1733 649 1794 Romana
668 1733 745 1794 adeo
758 1741 825 1794 erat
837 1732 952 1807 valida,
966 1739 1001 1793 ut
1015 1731 1101 1794 cuili-
1131 1731 1148 1764 o

200 1811 253 1874 bet
263 1812 462 1873 finitimarum
473 1813 633 1874 civitatum
645 1812 727 1874 bello
737 1834 794 1893 par
803 1822 896 1887 esset3
909 1813 961 1874 sed
973 1801 1115 1892 penuria*

200 1893 365 1952 mulierum
380 1893 511 1953 hominis
526 1901 656 1953 aetatem
671 1893 819 1954 duratura
833 1894 1012 1973 magnitudo
1025 1901 1100 1967 erat,
1116 1885 1156 1946 20

201 1973 315 2112 quippe
329 1973 439 2053 quibus
452 1993 509 2034 nee
524 1973 606 2033 domi
621 1993 687 2052 spes
701 1973 796 2052 prolis
809 1993 865 2034 neo
879 1994 949 2034 oum
963 1973 1101 2033 finitimis

33 2062 186 2098 Μ
200 2072 280 2113 conu
303 2053 334 2112 ia
354 2059 459 2113 essent.
501 2053 580 2114 Tum
602 2073 641 2113 ex
662 2053 788 2114 consilio
808 2062 932 2132 patrum
949 2052 1100 2114 Romulus

199 2132 318 2212 legatos
341 2133 458 2193 cineum
481 2133 599 2195 vicinas
622 2141 727 2212 gentes
747 2133 838 2207 misit,
853 2135 907 2212 qui
926 2135 1101 2195 societatem

199 2212 428 2292 conubiumque
447 2233 527 2275 novo
547 2214 661 2293 populo
680 2221 835 2294 peterent:
862 2214 952 2274 urbes
972 2233 1100 2293 quoque,

199 2302 237 2353 ut
257 2301 367 2367 cetera,
388 2313 427 2353 ex
447 2293 552 2354 infimo
572 2293 675 2367 nasei,
695 2294 777 2368 dein,
790 2313 866 2374 quas
879 2315 934 2354 sua
947 2293 1046 2355 virtus
1064 2313 1101 2353 ao
1115 2283 1155 2344 25

200 2373 246 2433 dii
274 2373 395 2453 juvent,
424 2394 550 2453 magnas
576 2395 646 2467 opes
673 2374 729 2435 sibi
759 2395 964 2453 magnumque
991 2393 1101 2433 nomen

200 2453 319 2526 facere3
340 2453 413 2514 satis
433 2456 511 2514 seire
531 2454 642 2532 origini
662 2453 820 2515 Romanae
836 2463 867 2514 et
885 2455 954 2514 deos
968 2453 1101 2513 adfuisse

200 2542 233 2593 et
245 2553 307 2593 non
322 2533 497 2594 defuturam
511 2534 674 2595 virtutem:
695 2533 822 2614 proinde
842 2555 881 2594 ne
900 2541 1102 2613 gravarentur

200 2613 339 2674 homines
350 2635 420 2674 oum
432 2613 605 2674 bominibus
619 2615 797 2692 sanguinem
812 2635 848 2674 ao
862 2635 956 2694 genus
966 2614 1100 2673 miscere.

242 2693 402 2772 Nusquam
425 2693 555 2772 benigne
578 2693 691 2773 legatio
713 2695 820 2755 audita
841 2703 893 2768 est,
914 2695 989 2754 adeo
1008 2693 1102 2754 simul
1116 2683 1186 2750 30u

200 2773 392 2853 spernebant,
402 2773 493 2834 simul
504 2781 622 2834 tantam
636 2773 670 2834 in
683 2775 784 2836 medio
798 2783 978 2836 crescentem
991 2773 1103 2835 molem

200 2853 260 2914 sibi
285 2873 322 2914 ae
345 2853 472 2933 posteris
494 2854 556 2918 suis
579 2853 765 2915 metuebant.
806 2854 837 2915 A
850 2855 1002 2935 plerisque
1021 2855 1100 2934 rogi·

199 2933 338 2994 tentibus
351 2933 477 3008 dimissi,
491 2933 608 3014 eoquod
621 2934 742 2995 feminis
758 2953 878 3014 quoque
898 2935 1017 3014 asylum
1031 2955 1100 3014 ape-

199 3014 346 3075 ruissent:
374 3014 407 3074 id
433 3014 516 3075 enim
543 3013 666 3075 demum
694 3035 808 3093 conpar
835 3015 999 3074 conubium
1027 3015 1098 3076 fore.

199 3093 305 3174 Aegre
328 3093 360 3154 id
380 3093 522 3156 Romana
549 3095 644 3175 pubes
668 3113 766 3174 passa,
787 3101 818 3155 et
841 3095 925 3154 haud
949 3094 1041 3155 dubie
1062 3094 1157 3156 ad-35

199 3176 266 3238 vim
279 3182 416 3253 spectare
429 3195 476 3236 res
491 3177 597 3255 coepit.

243 3254 301 3316 Cui
322 3263 442 3334 tempus
465 3255 628 3334 locumque
651 3263 758 3333 aptum
780 3263 815 3314 ut
835 3255 922 3314 daret
942 3253 1103 3326 Romulus,

200 3336 426 3414 aegritudinem
451 3335 546 3395 animi
570 3334 765 3394 dissimulans
784 3333 873 3393 ludos
893 3353 932 3392 ex
952 3332 1105 3391 industria

201 3424 292 3496 parat
305 3414 451 3496 Neptuno
472 3415 616 3494 Equestri
629 3413 801 3485 sollemnis;
822 3411 986 3472 Consualia
1006 3415 1104 3469 vocat

1230 845 1253 898 ἴι
