2572 3790
463 248 598 296 arnna
626 249 719 315 xxr,
744 229 830 297 2-4.
1106 229 1148 293 85

195 427 326 488 aequum
353 405 508 486 postulare
529 405 652 468 videtur
662 404 681 432 ''
703 404 805 483 inquit
826 407 845 436 “
853 400 1043 474 Hasdrubal,
1066 407 1097 462 et

195 509 249 567 ego
264 495 368 548 tamen
382 507 444 546 non
455 505 561 546 censeo
571 485 652 563 quod
662 485 741 564 petit
750 481 976 544 tribuendum.”
1016 481 1096 542 Cum

196 567 399 628 admiratione
413 573 476 626 tam
490 565 632 643 ancipitis
646 564 811 624 sententiae
825 564 858 622 in
872 583 903 623 se
917 562 1014 622 omnis
1028 581 1097 623 con·

196 647 345 719 vertisset,
361 649 378 677 “
388 644 493 705 florem
507 645 616 704 aetatis
624 643 642 670 ’'
657 644 759 722 inquit
773 649 791 674 ‘¹
802 641 992 716 Hasdrubal,
1006 662 1097 721 quem

196 728 260 806 ipse
280 725 363 806 patri
384 723 572 785 Hannibalis
592 723 755 784 fruendum
773 722 924 802 praebuit,
933 724 1018 816 justo
1027 723 1098 802 jure
1132 722 1151 783 5

197 827 267 868 eum
287 826 308 866 a
327 805 392 866 filio
411 803 509 884 repeti
529 810 646 877 censet;
668 823 722 864 nos
742 812 845 864 tamen
866 803 992 863 mimme
1011 802 1099 862 decet

199 888 393 967 juventutem
412 892 549 945 nostram
569 903 625 962 pro
646 881 775 943 militari
795 883 969 944 rudimento
993 881 1098 943 adsue·

197 967 297 1027 facere
326 964 449 1026 libidini
477 971 660 1042 praetorum.
715 963 769 1024 An
796 961 854 1024 hoc
881 963 1030 1035 timemus,
1058 981 1098 1022 ne

198 1045 387 1106 Hamilcaris
414 1044 496 1104 lilius
523 1043 614 1104 nimis
641 1063 707 1104 sero
733 1043 862 1122 imperia
890 1041 1044 1102 inmodica
1067 1050 1099 1102 et

198 1126 283 1205 regni
304 1124 425 1204 paterni
443 1124 574 1202 speciem
590 1123 704 1197 videat,
723 1132 762 1196 et,
782 1122 867 1202 cujus
888 1123 967 1201 regis
987 1141 1098 1201 genero
1113 1121 1152 1183 10

198 1205 375 1265 hereditarii
409 1203 471 1264 sint
497 1203 598 1264 relicti
624 1203 776 1263 exercitus
804 1202 909 1275 nostri,
937 1201 1000 1281 ejus
1034 1201 1098 1262 filio

198 1305 308 1364 parum
323 1293 443 1344 mature
456 1284 641 1346 serviamus?
675 1283 743 1362 Ego
757 1283 849 1342 istum
859 1282 1003 1361 juvenem
1014 1280 1098 1341 domi

198 1364 374 1436 tenendum,
389 1362 446 1424 sub
461 1363 588 1443 legibus,
602 1363 659 1424 sub
675 1361 913 1442 magistratibus,
928 1361 1099 1421 docendum

198 1445 303 1507 vivere
322 1464 419 1522 aequo
434 1444 504 1523 jure
522 1464 592 1504 cum
607 1443 721 1516 ceteris,
736 1462 851 1515 censeo,
866 1461 904 1500 ne
918 1440 1100 1520 quandoque

199 1543 312 1604 parvus
326 1523 377 1584 hio
390 1523 468 1602 ignis
482 1522 658 1583 incendium
672 1523 778 1601 ingens
792 1520 984 1582 exsuscitet.'’
1114 1521 1153 1582 15

239 1603 297 1665 IV.
339 1602 444 1677 Pauci,
466 1623 503 1664 ac
523 1602 620 1663 ferme
640 1603 772 1740 optimus
793 1602 929 1681 quisque,
949 1599 1099 1660 Hannoni

199 1682 465 1756 adsentiebantur;
485 1681 548 1755 scd,
572 1689 608 1742 ut
634 1701 753 1760 perum
777 1702 814 1742 uc
837 1681 881 1755 fit,
904 1681 1002 1760 major
1028 1700 1099 1759 pars

198 1762 355 1823 meliorem
382 1762 465 1824 vicit.
520 1761 632 1822 Missus
661 1760 770 1822 Hanni
792 1761 823 1822 al
851 1761 883 1821 in
911 1761 1098 1840 Hispaniam

197 1843 298 1922 primo
318 1842 422 1902 statim
442 1841 576 1904 adventu
597 1861 717 1902 omnem
738 1841 906 1902 exercitum
926 1842 959 1900 in
979 1861 1010 1902 se
1031 1862 1100 1902 con·

198 1923 308 1995 vertit3
330 1920 541 1982 Hamilcarem
566 1922 706 1983 ‘uvenem
729 1920 883 1982 redditum
904 1921 963 1984 sibi
982 1930 1098 1982 veteres
1113 1921 1153 1986 20

197 2002 311 2062 milites
336 2001 474 2075 crederc3
495 1942 625 2062 eundem
647 2001 783 2080 vigorem
808 2001 841 2060 in
861 2000 951 2063 vultu
974 2001 1099 2080 vimque

197 2082 231 2142 in
246 2081 351 2155 oculis,
365 2081 504 2142 habitum
520 2081 580 2141 oris
593 2079 838 2159 lineamentaque
852 2080 973 2142 intueri.
1016 2080 1098 2142 Dein

197 2161 285 2224 brevi
299 2162 407 2234 effecit,
421 2170 456 2221 ut
470 2169 557 2240 pater
571 2161 604 2220 in
621 2180 654 2220 se
666 2160 828 2221 minimum
849 2168 1037 2222 momentum
1057 2160 1099 2221 ad

197 2241 334 2304 favorem
358 2240 584 2301 conciliandum
608 2249 692 2301 esset.
734 2241 913 2320 Numquam
940 2241 1098 2320 ingenium

198 2321 279 2382 idem
306 2320 348 2380 ad
374 2340 421 2380 res
448 2319 676 2392 diversissimas,
696 2322 865 2400 parendum
889 2330 981 2460 atque
1006 2321 1098 2400 impe·
1113 2321 1153 2383 25

197 2401 338 2473 randum,
360 2399 494 2459 habilius
520 2397 589 2460 fuit
631 2398 740 2480 ltaque
768 2399 844 2460 haut
870 2401 963 2462 facie
990 2401 1099 2462 discer-

197 2501 293 2555 neres,
314 2489 418 2540 utrum
442 2478 618 2558 imperatori
643 2500 683 2540 an
708 2481 857 2542 exercitui
880 2482 981 2542 carior
1004 2489 1097 2556 esset;

196 2580 295 2640 neque
309 2558 488 2620 Hasdrubal
509 2558 606 2618 aliurn
621 2580 803 2640 quemquam
819 2561 982 2640 praeficere
996 2561 1097 2636 malle,

196 2641 251 2702 ubi
276 2639 350 2723 quid
373 2638 493 2700 fortiter
512 2659 549 2700 ac
576 2647 697 2701 strenue
718 2641 869 2720 agendum
894 2651 979 2716 esset,
999 2662 1097 2721 neque

196 2720 309 2780 milites
329 2719 391 2780 alio
408 2718 485 2779 duce
524 2719 571 2780 lus
591 2720 740 2781 confidere
761 2730 816 2781 aut
835 2721 956 2782 audere.
998 2721 1098 2782 Pluri-
1112 2724 1152 2786 30

196 2821 281 2860 mum
309 2799 456 2860 audaciae
483 2739 524 2859 ad
551 2800 689 2878 pericula
716 2800 908 2880 capessenda,
930 2801 1098 2881 plurimum

197 2880 316 2941 consilii
336 2879 417 2938 inter
437 2878 504 2958 ipsa
523 2879 660 2959 pericula
679 2888 754 2942 crat.
795 2881 892 2942 Nullo
915 2881 1020 2944 labore
1043 2891 1097 2945 aut

196 2979 306 3038 corpus
328 2958 453 3037 fatigari
478 2968 533 3020 aut
556 2959 676 3020 animus
699 2961 783 3022 vinci
810 2971 937 3040 poterat
979 2961 1097 3024 Galeris

196 3059 232 3101 ac
252 3038 379 3118 frigoris-
393 3038 543 3116 patientia
562 3059 637 3118 par;
658 3039 718 3101 cibi
739 3042 928 3122 potionisque
948 3043 1097 3106 desiderio

195 3119 340 3192 naturali,
367 3137 430 3178 non
456 3118 615 3198 voluptate
642 3121 750 3181 modus
778 3122 899 3196 finitus;
920 3124 1096 3204 vigiliarum
1110 3125 1150 3186 35

195 3200 352 3278 somnique
373 3217 428 3258 nec
449 3198 575 3260 diense
596 3208 684 3260 nocte
704 3200 915 3262 discriminata
941 3213 1095 3282 tempora;

194 3280 228 3340 id
247 3279 328 3359 quod
346 3277 486 3357 gerendis
506 3278 595 3338 rebus
615 3288 791 3358 superesset,
805 3283 901 3360 quieti
915 3282 1039 3355 datum;
1060 3304 1096 3344 ea

194 3379 292 3438 neque
315 3357 403 3418 molli
426 3366 521 3418 strato
546 3377 644 3436 neque
666 3359 787 3419 silentio
815 3362 977 3432 accersita;
1004 3361 1096 3420 multi

193 3459 282 3518 saepe
302 3437 431 3498 militari
451 3437 558 3517 sagulo
578 3445 718 3516 opertum
737 3438 824 3496 humi
844 3439 996 3516 jacentem
1016 3437 1096 3496 inter
