2616 3790
463 233 598 284 meaa
623 233 735 302 xxm,
764 217 893 286 1a-ta
1108 221 1172 288 tea

221 392 331 473 quibus
344 399 402 456 ets
424 391 518 454 eeulis
532 402 563 455 et
576 391 814 473 propugnaculis
828 393 973 455 adversus
986 391 1120 456 latrones

219 483 358 534 utuntur.
399 412 478 533 lbde
504 475 603 552 primo
630 474 797 552 conspectis
824 473 956 534 hostium
979 475 1119 548 navibus,

220 553 326 613 datum
340 553 462 632 signum
476 553 668 614 Hasdrubali
682 562 737 627 est,
750 554 961 632 tumultusque
981 553 1066 634 prius
1087 557 1119 616 in

219 641 302 693 terra
315 641 347 694 et
360 633 466 694 castris
480 653 572 712 quam
590 633 631 693 ad
647 653 732 693 mare
752 640 782 694 et
802 634 842 693 ad
862 654 955 694 naves
967 642 1014 694 est
1026 644 1119 709 ortus,

220 713 356 773 nondum
370 722 425 774 aut
439 713 529 793 pulsu
544 733 697 774 remomm
717 714 905 793 strepituque
919 714 981 775 alio
994 717 1119 777 nautico
1153 719 1173 779 ὃ

219 793 365 854 exaudito
379 802 435 854 aut
448 794 653 872 aperientibus
667 792 792 853 classem
828 796 1034 871 romunturiis,
1049 817 1120 857 oum

220 882 341 952 repente
351 893 442 952 eques
452 873 530 934 alius
542 894 632 953 super
642 873 738 934 alium
752 873 792 933 ab
841 873 1003 936 asdrubale
1013 876 1120 936 missus

219 973 312 1032 vagos
322 953 355 1013 in
366 954 456 1025 litore
466 955 642 1033 quietosque
652 954 684 1013 in
695 953 833 1014 tentoriis
847 954 917 1028 suis,
926 955 1005 1016 nihil
1019 956 1120 1018 minus

220 1053 311 1112 quam
332 1033 449 1094 hostem
469 1042 525 1095 aut
543 1033 693 1113 proelium
713 1053 749 1094 eo
770 1033 819 1094 die
839 1037 1037 1114 expectantis,
1051 1057 1121 1098 con·

219 1112 360 1173 scendere
383 1133 477 1174 naves
500 1133 629 1193 propere
654 1122 747 1193 atque
771 1135 858 1174 arma
881 1135 989 1194 capere
1010 1117 1174 1197 jubet:10

220 1193 343 1254 classem
356 1193 527 1254 Romanam
535 1195 600 1274 jam
611 1194 694 1255 haud
705 1195 811 1274 procul
822 1205 912 1274 portu
926 1216 996 1258 esse.
1030 1197 1119 1258 Haeo

220 1274 333 1352 equites
353 1273 470 1334 dimissi
491 1275 602 1353 passim
619 1273 830 1353 imperabaut;
851 1295 924 1335 mox
938 1275 1118 1338 Hasdrubal

219 1353 282 1432 ipse
310 1373 381 1414 cum
407 1354 491 1414 omni
524 1352 661 1414 exercitu
694 1353 811 1427 aderat,
838 1354 984 1434 varioque
1017 1359 1120 1417 onmia

219 1432 354 1494 tumultu
368 1441 515 1513 strepunt,
525 1433 684 1494 ruentibus
698 1434 730 1493 in
746 1453 839 1496 naves
852 1434 942 1494 simul
954 1436 1119 1515 remigibus

219 1513 437 1592 militibusque,
451 1514 634 1592 fugientium
655 1514 752 1592 magis
766 1523 879 1574 eterra
893 1535 985 1593 quam
999 1517 1032 1575 in
1046 1536 1119 1596 png·
1135 1525 1173 1586 15

219 1614 290 1654 nam
304 1596 442 1654 euntium
457 1593 555 1655 modo.
597 1593 739 1656 Vixdum
753 1594 851 1655 omnis
872 1596 1117 1672 conscenderant,

219 1693 288 1734 cum
305 1673 360 1734 alii
374 1673 513 1734 resolutis
533 1673 593 1734 oris
612 1674 646 1734 in
666 1693 793 1734 ancoras
806 1674 988 1750 evehuntur,
1001 1677 1065 1750 alii,
1080 1698 1119 1739 ne

219 1753 292 1832 quid
316 1761 428 1827 teneat,
451 1753 609 1815 ancoralia
631 1753 791 1828 incidunt;
817 1754 990 1834 raptimque
1016 1758 1120 1818 omnia

218 1853 253 1891 oc
278 1851 478 1910 praepropere
505 1831 630 1910 agendo,
658 1831 791 1892 militum
818 1843 969 1912 apparatu
1002 1835 1127 1895 nautica

218 1911 387 1976 ministeria
396 1911 603 1990 inpediuntur,
618 1912 819 2004 trepidatione
832 1922 997 1974 nautarum
1018 1913 1174 1994 capereto

218 1999 249 2053 et
261 1998 370 2071 aptare
387 2009 474 2051 arma
486 1989 574 2050 miles
587 1989 775 2069 prohibetur.
817 1989 860 2050 Et
874 1989 942 2069 jam
962 1990 1119 2052 Romanus

218 2093 279 2133 non
302 2070 569 2151 appropinquabat
592 2070 692 2143 modo,
716 2069 769 2130 sed
793 2069 953 2131 derexerat
973 2071 1065 2131 etiam
1086 2071 1120 2130 in

219 2172 354 2233 pugnam
372 2171 474 2213 naves.
515 2149 626 2228 Itaque
644 2169 707 2209 nou
727 2148 767 2209 ab
786 2149 872 2209 hoste
885 2159 916 2210 et
930 2149 1044 2229 proelio
1059 2171 1120 2211 ma·

218 2233 264 2312 gis
279 2231 375 2292 Poeni
388 2251 481 2310 quam
491 2238 608 2290 suomet
618 2229 676 2308 ipsi
687 2227 823 2290 tumultu
833 2228 960 2304 turbati,
971 2239 1121 2310 temptata

218 2313 320 2375 verius
340 2331 445 2391 pugna
465 2330 557 2389 quarn
578 2310 665 2390 inita,
679 2309 712 2368 in
726 2308 832 2388 fugam
852 2319 1029 2371 averterunt
1044 2310 1119 2371 clas·
1134 2318 1173 2378 25

218 2413 290 2466 sem,
311 2399 342 2453 et
366 2412 437 2452 cum
460 2390 579 2453 adversi
603 2389 701 2450 amnis
725 2409 758 2450 os
781 2389 845 2449 lato
868 2390 985 2468 agmini
1005 2399 1036 2451 et
1055 2399 1120 2451 tam

218 2472 323 2533 multis
337 2470 428 2532 simul
441 2469 635 2533 venientibus
648 2469 732 2530 haud
745 2489 817 2530 sane
830 2469 975 2530 intrabile
988 2478 1072 2544 esset,
1087 2472 1119 2531 in

219 2552 292 2614 litus
305 2552 418 2632 passim
431 2571 524 2613 naves
538 2557 674 2629 egerunt,
688 2557 781 2628 atque
799 2549 855 2609 alii
871 2550 959 2611 vadis
973 2550 1027 2610 alii
1041 2552 1120 2612 sicco

218 2632 308 2693 litore
322 2631 451 2711 excepti,
466 2630 578 2710 partim
599 2628 712 2690 armati
731 2628 845 2709 partim
865 2630 1003 2705 inermes,
1017 2633 1057 2692 ad
1076 2634 1119 2693 in-

218 2721 366 2774 structam
390 2731 444 2790 per
468 2711 541 2771 litus
567 2710 666 2771 aciem
691 2730 816 2771 suorum
839 2710 1018 2791 perfugere3
1040 2713 1118 2774 duae
1134 2720 1174 2781 30

186 2857 192 2867 ,
218 2801 320 2853 tamen
341 2792 439 2871 primo
460 2810 609 2852 concursu
629 2798 738 2871 captae
757 2798 845 2852 eraut
865 2791 1001 2853 Punicae
1016 2813 1119 2870 naves,

218 2881 363 2952 quattuor
375 2891 560 2950 suppressae.

256 2952 335 3014 XX.
378 2952 520 3024 Romani,
553 2969 739 3030 quamquam
772 2959 855 3013 terra
887 2951 1020 3014 hostium
1053 2966 1119 3019 erat

216 3041 428 3111 armatamque
441 3032 539 3092 aciem
552 3040 617 3092 toto
630 3039 820 3110 praetentam
837 3032 898 3110 [in]
915 3033 1004 3094 litore
1018 3055 1118 3098 cerne-

217 3112 300 3188 bant,
327 3112 413 3173 haud
441 3119 621 3173 cunctanter
648 3110 778 3172 insecuti
806 3113 956 3191 trepidam
985 3114 1117 3178 hostium
1132 3117 1171 3179 35

217 3194 349 3268 classem,
379 3192 468 3253 navis
502 3193 609 3266 omnis,
636 3211 715 3270 quae
742 3211 803 3251 non
829 3202 884 3253 aut
910 3193 1119 3272 perfregerant

216 3294 320 3354 proras
340 3272 425 3336 litori
445 3271 551 3332 inlisas
571 3279 626 3333 aut
646 3271 765 3332 carinas
786 3271 918 3332 fixerant
939 3272 1035 3345 vadis,
1050 3274 1117 3334 reli-

215 3365 301 3434 gatas
321 3352 476 3435 puppibus
497 3353 530 3412 iu
551 3351 648 3412 altum
669 3359 850 3422 extraxere;
871 3351 911 3408 ad
933 3351 1068 3426 quinque
1087 3361 1119 3410 et
1158 3356 1160 3360 ’

215 3436 325 3514 viginti
340 3453 434 3497 naves
448 3452 466 3493 e
478 3429 684 3514 quadraginta
698 3447 812 3506 cepere.
