2616 3790
147 263 211 328 146
320 279 410 326 rrrr
435 279 534 330 n1v1
557 278 613 327 aa
638 279 754 330 vans
783 277 979 327 conari-A

200 445 349 499 nocturno
363 457 468 498 umore
482 436 671 516 palustrique
685 434 769 497 caelo
783 443 933 514 gravante
953 443 1056 514 caput,
1072 442 1103 496 et

201 518 273 596 quia
287 517 428 577 medendi
441 537 498 577 nec
511 517 597 577 locus
610 536 667 576 nec
681 525 800 595 tempus
814 524 889 588 erat,
903 515 1000 575 altero
1015 515 1104 576 oculo

201 618 237 658 ca
260 599 330 658 itur.

238 619 303 738 ln.
344 675 454 737 Multis
467 674 643 736 hominibus
652 675 861 756 jumentisque
878 674 966 735 foede
986 674 1105 736 amissis

168 754 188 814 5
202 776 271 817 cum
290 757 414 816 tandem
428 756 466 816 de
479 755 644 835 paludibus
664 755 841 828 emersisset,
855 754 910 816 ubi
924 754 1057 834 primum
1072 755 1106 814 in

201 839 281 897 sicco
302 836 411 916 potuit,
426 845 526 896 castra
546 835 637 908 locat,
653 843 829 914 certumque
850 854 905 914 per
925 835 1105 914 praemissos

202 917 408 996 exploratores
429 914 548 988 habuit,
563 915 732 975 exercitum
753 915 928 976 Romanum
946 914 1032 974 circa
1045 913 1105 974 Ar·

202 997 258 1056 reti
274 996 394 1056 moenia
407 1015 478 1056 esse.
520 995 660 1056 Consulis
670 995 781 1055 deinde
792 994 920 1055 consilia
934 1001 1025 1074 atque
1040 994 1105 1054 ani-

202 1097 296 1150 mum,
316 1085 348 1137 et
369 1076 462 1136 situm
486 1075 654 1155 regionum,
675 1075 855 1154 itineraque,
878 1083 910 1135 et
937 1074 1040 1154 copias
1063 1073 1105 1134 ad

150 1155 189 1216 10
203 1166 386 1217 commeatus
407 1155 619 1234 expediendos,
640 1163 672 1216 et
691 1166 791 1215 cetera
812 1175 891 1234 quae
911 1174 1053 1234 cognosse
1071 1155 1105 1214 in

202 1257 264 1296 rem
280 1245 353 1308 erat,
362 1255 481 1296 summa
495 1236 598 1296 omnia
612 1255 681 1295 cum
696 1255 771 1296 cura
784 1232 1108 1314 inquirendo-exequess

202 1316 302 1376 batur.
343 1315 441 1394 Regio
458 1323 524 1376 erat
537 1316 570 1374 in
584 1316 692 1395 primis
713 1315 825 1376 Italiae
845 1315 965 1388 fertilis,
979 1314 1105 1375 Etrusci

203 1396 313 1476 campi,
330 1396 383 1475 qui
404 1395 550 1455 Faesulas
571 1395 651 1455 inter
670 1394 891 1475 Arretiumque
907 1396 1021 1475 jacent,
1042 1395 1105 1454 fru-

162 1549 166 1552 ,
202 1477 297 1536 menti
317 1496 354 1536 ac
375 1476 492 1555 pecoris
512 1485 542 1536 et
562 1475 699 1535 omnium
719 1476 808 1554 copia
828 1495 931 1536 rerum
948 1475 1104 1555 opulenti;

150 1553 189 1616 15
203 1556 307 1616 consul
322 1555 408 1616 ferox
423 1554 463 1615 ab
477 1554 637 1615 consulatu
652 1555 760 1631 priore,
775 1563 806 1616 et
820 1575 882 1616 non
896 1555 987 1616 modo
1000 1555 1105 1634 legum

202 1645 257 1696 aut
277 1643 399 1714 patrum
419 1635 595 1715 majestatis,
608 1635 661 1695 sed
681 1655 721 1695 ne
740 1636 867 1696 deornm
887 1636 1011 1715 quidem
1031 1635 1105 1697 satis

203 1724 356 1788 metuens;
377 1716 457 1775 hanc
471 1715 594 1776 insitam
607 1715 730 1794 ingenio
744 1716 809 1795 ejus
828 1716 1030 1777 temeritatem
1045 1715 1105 1776 for·

203 1805 278 1855 tuna
302 1815 372 1874 pros
411 1815 445 1855 ro
472 1795 615 1856 civilibus
644 1794 821 1876 bellicisque
848 1795 939 1857 rebus
965 1815 1105 1856 successu

201 1875 329 1936 aluerat.
372 1815 481 1954 lisque
504 1876 578 1936 satis
601 1875 770 1955 apparebat
797 1896 853 1938 nec
877 1877 948 1937 deos
971 1895 1027 1937 nec
1052 1875 1105 1936 ho-

149 1955 190 2018 20
203 1955 298 2016 mines
322 1955 529 2016 consulentem
552 1956 695 2017 ferociter
718 1956 822 2017 omnia
846 1976 883 2017 ac
903 1975 1106 2036 praepropere

202 2044 342 2096 acturum
352 2057 361 2109 ;
382 2056 502 2115 quoque
522 2036 646 2116 pronior
664 2044 743 2097 esset
763 2036 796 2096 in
810 2037 887 2099 vitia
906 2057 971 2109 sua,
985 2037 1105 2115 agitare

202 2135 271 2176 eum
294 2124 386 2195 atque
408 2116 535 2176 inritare
563 2116 684 2177 Poenus
710 2125 809 2196 parat,
831 2125 863 2178 et
883 2116 973 2177 laeva
997 2116 1105 2177 relicto

202 2195 288 2256 hoste
301 2195 448 2256 Faesulas
468 2205 582 2275 petens,
596 2197 696 2256 medio
717 2197 863 2258 Etruriae
883 2217 957 2276 agro
977 2196 1105 2276 praeda

201 2285 269 2337 tum
305 2275 445 2349 refectus,
459 2287 606 2355 quantam
626 2276 795 2337 maximam
809 2278 984 2339 vastitatem
1004 2285 1105 2358 potest

149 2357 189 2420 25
203 2357 289 2417 caedr
311 2377 346 2417 us
360 2357 566 2436 incendiisque
581 2357 699 2418 consuli
713 2357 819 2437 procul
834 2357 974 2418 ostendit.

242 2437 423 2510 Flaminius,
437 2438 490 2516 qni
510 2457 549 2498 ne
570 2438 672 2518 quieto
691 2438 816 2516 quidem
836 2437 921 2498 hoste
939 2438 1004 2516 ipse
1022 2435 1105 2515 quie·

202 2525 288 2577 turus
312 2525 386 2591 erat,
410 2525 476 2578 tum
502 2539 582 2591 vero,
599 2528 761 2598 postquam
785 2537 832 2579 res
855 2518 1007 2579 sociorum
1029 2525 1104 2578 anto

202 2596 306 2658 oculos
320 2617 412 2677 prope
424 2618 493 2659 suos
507 2598 580 2659 ferri
595 2600 706 2678 agique
719 2597 809 2672 vidit,
821 2617 910 2659 suurn
925 2598 958 2658 id
972 2598 1104 2658 dedecus

202 2686 295 2750 ratus,
307 2697 361 2756 per
374 2678 504 2738 mediam
521 2680 581 2738 'am
591 2678 717 2740 Italiam
724 2679 832 2759 vagari
844 2679 990 2752 Poenum,
1001 2687 1103 2757 atque,

149 2756 189 2820 30
202 2757 364 2818 obsistente
377 2758 473 2832 nullo,
488 2701 528 2820 al
542 2760 551 2820 i
574 2780 608 2821 sa
622 2759 764 2820 Romana
783 2760 904 2819 moenia
924 2759 968 2819 ire
989 2779 1104 2838 oppug-

202 2837 315 2910 nanda,
339 2838 445 2898 ceteris
469 2780 609 2901 omnibus
633 2840 666 2900 in
690 2839 817 2900 consilio
837 2839 986 2900 salutaria
1006 2839 1104 2916 magis

202 2938 295 2997 quam
309 2919 443 2998 speciosa
456 2919 671 2981 suadentibus:
686 2919 853 2998 ‘collegam
868 2919 1104 2999 expectandum,

203 3008 246 3071 ut,
267 2999 437 3078 conjunctis
457 3000 650 3073 exercitibus,
665 3000 820 3060 communi
840 3001 944 3060 animo
965 2998 1103 3059 consilio·

202 3099 261 3157 que
271 3099 335 3138 rem
344 3089 499 3157 gererent;
515 3080 636 3139 interim
645 3079 783 3158 equitatu
792 3079 978 3158 auxiliisque
987 3077 1104 3139 levium

149 3157 189 3220 35
203 3177 357 3218 armorum
368 3157 407 3217 ab
417 3159 511 3218 effusa
521 3158 689 3236 praedandi
701 3159 826 3219 licentia
836 3158 953 3219 hostem
963 3157 1105 3219 cohiben-

202 3237 311 3297 dum:’
333 3237 429 3296 iratus
455 3257 487 3296 se
513 3256 554 3297 ex
581 3237 708 3298 consilio
734 3239 897 3318 proripuit,
922 3239 1106 3331 signumque

197 3315 289 3376 simul
316 3313 432 3374 itineris
459 3334 639 3392 pugnaeque
673 3335 742 3374 cnm
764 3318 959 3394 proposuisset
985 3321 1003 3349 “
1012 3338 1108 3380 1mm0

198 3394 303 3454 Arreti
337 3401 407 3452 ante
431 3394 549 3452 moenia
576 3393 759 3467 sedeamus‚'’
787 3395 896 3474 inquit,
917 3397 997 3456 “hic
1024 3399 1105 3459 enim

197 3473 298 3550 patria
311 3480 342 3533 et
355 3480 477 3550 penates
490 3480 570 3532 sunt
611 3472 773 3534 Hannibal
787 3475 912 3537 emissus
932 3497 949 3537 e
963 3478 1106 3539 manibus
