2572 3790
113 213 156 284 14
459 228 723 279 rnnnrnrro.

163 389 310 463 animum,
322 387 377 450 etei
389 407 452 450 non
461 386 581 448 flectere
594 405 705 461 avere,
715 385 881 448 sollicitum
895 393 998 448 tomen
1012 386 1071 448 effi·

164 525 232 569 cere
244 511 351 586 meoet

91 697 95 704 ῃ
204 619 293 698 Quoe
308 626 380 679 unte
393 614 548 678 conditum
568 613 796 677 condendamve
816 611 923 674 urbem
943 612 1070 694 poeticis

163 727 600 814 magiedecorafubulisquem
611 726 794 806 incorruptis
804 745 907 787 rerum
917 735 1071 806 gesturum

131 847 151 910 5
164 846 366 911 monumentis
385 844 558 917 traduntur,
573 862 609 902 eo
621 860 677 902 neo
691 839 853 901 adfirmare
865 860 921 901 nec
933 840 1072 902 refellere

164 962 198 1023 in
211 961 314 1022 unimo
328 968 379 1021 est
420 958 523 1019 Detur
543 945 618 1017 hoec
632 954 724 1017 venio
743 955 930 1036 antiquitati,
947 964 983 1017 ut
1002 956 1072 1017 mie·

89 1105 94 1114 ·
164 1073 260 1136 condo
273 1074 409 1134 humanu
430 1072 543 1135 divinis
564 1069 732 1152 primordio
751 1068 876 1130 urbium
895 1071 1072 1151 augustiora

163 1187 274 1262 faciat;
295 1197 326 1250 et
339 1189 364 1249 ei
379 1189 429 1250 cui
449 1188 561 1269 populo
583 1188 674 1250 licere
694 1197 812 1269 oportet
826 1209 1000 1250 consecrare
1013 1190 1070 1251 ori-

163 1301 248 1381 gines
268 1321 338 1362 suas
359 1310 390 1364 et
409 1301 449 1363 ad
463 1302 534 1364 deos
548 1305 659 1365 referre
673 1266 869 1379 auctoreiferi
876 1261 957 1366 ffili
971 1305 1070 1384 gloria

111 1414 150 1478 10
163 1423 208 1477 est
227 1416 341 1497 populo
362 1416 510 1492 Romano,
525 1427 569 1492 ut,
583 1439 653 1479 oum
674 1439 763 1479 suum
784 1419 1008 1500 conditorisque
1021 1419 1068 1480 eui

163 1539 320 1610 parentem
334 1530 466 1592 Martem
477 1533 667 1613 potissimum
678 1534 766 1608 ferat,
777 1544 841 1606 tam
855 1544 885 1596 et
898 1536 956 1597 hoc
966 1543 1069 1615 gentes

163 1644 315 1707 humanae
329 1646 487 1726 patiuntur
501 1666 598 1726 aequo
613 1647 715 1708 animo
729 1668 821 1728 quem
835 1648 998 1728 imperium
1018 1667 1070 1728 pa·

163 1756 291 1819 tiuntur.

202 1868 261 1931 sed
275 1869 351 1932 haec
365 1877 395 1932 et
408 1870 457 1932 his
472 1869 594 1945 similia,
609 1879 774 1951 utcumque
788 1871 1000 1934 animadversa
1014 1877 1069 1932 uut

110 1982 149 2043 15
163 1982 337 2044 existimata
365 1991 464 2057 erunt,
488 1983 566 2044 haut
592 1983 625 2042 in
653 2003 764 2063 magno
788 1983 929 2063 equidem
955 2002 1068 2062 ponam

162 2095 351 2170 discrimine;
365 2096 472 2158 odilla
482 2097 558 2157 mihi
569 2117 664 2178 prose
673 2083 799 2177 quisque
807 2096 918 2158 acriter
928 2094 1068 2156 intendat

160 2207 307 2283 animum,
321 2229 399 2289 quae
412 2210 487 2284 vite,
502 2210 555 2290 qui
575 2231 672 2272 mores
685 2209 808 2282 fuerint,
822 2229 877 2289 per
897 2229 971 2289 quos
985 2207 1067 2271 viros

161 2324 330 2406 quibusque
356 2325 473 2388 artibus
501 2326 583 2388 domi
611 2326 800 2407 militiaeque
827 2334 858 2386 et
884 2332 1008 2404 portum
1035 2331 1066 2384 et

160 2445 285 2498 auctum
299 2438 461 2518 imperium
474 2439 531 2513 sit;
551 2439 674 2501 labente
688 2438 799 2499 deinde
812 2436 962 2518 paulatim
976 2434 1063 2498 disci·

108 2545 147 2606 20
160 2545 246 2625 plina
262 2545 349 2608 velut
369 2548 532 2610 desidentis
553 2549 651 2629 primo
672 2568 769 2609 mores
789 2555 933 2627 sequatur
953 2546 1065 2619 animo,

160 2657 271 2718 deinde
283 2667 319 2719 ut
333 2659 429 2739 magis
449 2661 606 2740 magisque
624 2658 705 2740 lapsi
724 2659 794 2733 sint,
808 2666 875 2719 tum
896 2659 940 2719 ire
961 2678 1063 2737 coepe·

159 2769 223 2832 rint
242 2771 431 2852 praecipites,
446 2772 542 2834 donec
562 2772 602 2833 ud
623 2772 699 2833 haec
719 2778 865 2850 tempora,
879 2770 990 2851 quibus
1009 2790 1066 2832 nec

161 2882 242 2946 vitia
260 2859 364 2946 nostre
383 2905 440 2946 nec
459 2883 593 2946 remedio
612 2884 679 2964 pati
698 2903 864 2964 possumus,
885 2892 1066 2963 perventum

160 3005 213 3059 est
254 2996 326 3060 Hoc
349 2998 430 3060 illud
453 3007 498 3061 est
522 2999 685 3080 praecipue
707 2998 740 3059 in
765 2997 937 3078 cognitione
963 3017 1065 3058 rerum

107 3107 145 3169 25
159 3107 282 3171 salubre
295 3131 331 3172 ac
341 3111 532 3192 frugiferum,
544 3112 641 3174 omnis
654 3120 685 3174 te
694 3110 828 3191 exempli
838 3109 1020 3171 documento
1033 3109 1065 3168 in

159 3222 283 3284 inlustri
303 3225 401 3304 posite
414 3234 610 3287 monumento
623 3225 753 3286 intueri:
775 3223 847 3284 inde
860 3222 919 3284 tibi
933 3231 1065 3302 tuaeque

160 3336 346 3414 reipublicae
356 3339 437 3418 quod
451 3339 570 3399 imitere
580 3339 692 3419 copiae,
702 3336 784 3411 inde,
794 3335 917 3397 foedum
931 3335 1065 3416 inceptu,

160 3445 282 3508 foedum
296 3450 391 3524 exitu,
406 3449 488 3530 quod
500 3449 586 3513 vites·
