2572 3790
476 242 662 306 n1nnn1,
691 223 822 287 14-15.
1103 225 1144 289 31

187 417 224 471 nt
251 415 354 468 tamen
381 398 580 480 expiarentur
603 396 774 476 legatorum
799 395 931 476 injuriae
955 413 986 454 re
1010 393 1017 408 '
1055 415 1093 456 ue

190 489 305 561 caedes,
319 481 425 544 foedus
448 480 527 540 inter
550 479 681 539 Romam
702 477 928 556 Laviniumque
943 475 1034 538 urbes
1050 493 1110 536 re·-

189 577 337 631 novatum
351 572 405 624 est.

232 649 276 710 Et
301 667 373 709 cum
399 645 448 706 his
477 641 601 722 quidem
630 639 784 718 insperata
810 657 874 717 pax
901 644 983 697 erat:
1008 637 1121 754 aliud)

191 730 290 790 multo
316 726 441 808 propius
469 733 561 802 atquc
587 721 620 780 in
644 719 717 798 ipsis
741 737 836 798 prope
860 717 954 797 portis
978 717 1094 778 bellum
1128 721 1149 780 5

191 819 302 872 ortum.
344 806 507 868 Fidenates
528 803 619 863 nimis
641 800 758 861 vicinas
779 817 873 878 prope
892 817 924 857 se
943 797 1095 858 convales·

193 910 292 951 cereo
358 889 428 961 rati,
442 886 620 966 priusquam
636 888 758 940 tantum
772 878 889 938 roboris
902 886 986 951 esset,
1002 898 1095 956 quan·

193 980 260 1031 tum
300 978 426 1030 uturum
453 965 630 1047 apparebat,
662 968 812 1038 occupant
843 957 959 1018 bellum
987 961 1094 1018 i'acere.

194 1049 365 1112 Juventute
378 1057 497 1109 armata
513 1046 656 1120 immissa,
674 1049 812 1101 vastatur
834 1039 901 1118 agri
920 1040 1002 1118 quod
1016 1039 1097 1100 inter

194 1130 302 1191 urbem
322 1149 358 1190 ac
379 1127 512 1189 Fidenas
532 1137 593 1198 est;
616 1125 687 1186 inde
710 1121 750 1181 ad
772 1121 892 1182 laevam
913 1121 1001 1194 versi,
1023 1121 1096 1202 quia
1111 1122 1150 1183 10

195 1211 305 1271 dextra
331 1209 449 1270 Tiberis
477 1208 609 1278 arcebat,
640 1227 709 1267 cum
746 1221 858 1282 magna
892 1201 1096 1284 trepidatione

195 1290 361 1371 agrestium
381 1288 575 1368 populantur,
596 1287 805 1362 tumultusque
827 1303 935 1363 repens
955 1303 994 1343 ex
1015 1283 1097 1362 agris

195 1371 228 1431 in
242 1370 349 1431 urbem
362 1368 476 1429 inlatus
490 1389 546 1448 pro
560 1368 668 1430 nuntio
682 1367 751 1428 fuit
795 1365 926 1425 Excitus
937 1362 1096 1436 Romulus,

197 1450 309 1530 (neque
333 1449 414 1510 enim
438 1449 617 1510 dilationem
642 1447 707 1528 pati
730 1456 794 1508 tam
815 1445 959 1506 'vicinum
981 1443 1096 1504 bellum

196 1533 340 1611 poterat)
365 1530 532 1590 exercitum
559 1528 671 1602 educit,
695 1537 795 1589 castra
821 1545 841 1586 a
865 1525 990 1586 Fidenis
1013 1524 1098 1584 mille
1112 1529 1151 1589 15

197 1631 340 1690 passuum
351 1609 439 1670 locat
474 1610 525 1670 Ibi
535 1608 653 1670 modico
665 1609 816 1688 praesidio
833 1606 948 1679 relicto,
964 1627 1097 1686 egressus

196 1690 337 1752 omnibus
364 1690 457 1768 copiis
506 1699 603 1751 artem
630 1690 764 1750 militum
791 1689 866 1750 locis
896 1688 977 1748 circa
1005 1688 1098 1749 densa

196 1771 296 1833 obsita
312 1770 487 1850 virgultae
524 1770 604 1831 curis
625 1769 779 1830 subsidere
801 1770 832 1829 in
855 1769 973 1830 insidiis
989 1770 1096 1850 jussit3

196 1871 267 1912 cum
288 1860 375 1931 parte
396 1851 509 1929 majore
529 1861 620 1930 atque
639 1851 720 1910 omni
736 1851 874 1930 equitatu
890 1851 1051 1930 profectus,
1066 1849 1098 1910 id

196 1930 279 2012 quod
292 1930 467 2009 quaerebat,
480 1931 667 1990 tumultuoso
679 1939 708 1991 et
720 1931 833 1991 minaci
844 1951 954 2011 genere
968 1951 1099 2011 pugnae,
1114 1932 1153 1994 20

196 2009 403 2092 adequitando
412 2011 484 2090 ipsis
496 2031 589 2090 prope
600 2011 703 2089 portis,
713 2011 830 2072 hostem
840 2013 964 2074 excivit.
994 2010 1101 2090 Fugae
1165 2020 1169 2049 ¹

197 2111 327 2172 quoque,
341 2110 420 2170 quae
433 2089 605 2151 simulanda
619 2100 693 2162 erat,
710 2091 816 2152 eadem
835 2093 981 2172 equestris
995 2111 1101 2172 pugna

197 2191 321 2232 causam
335 2172 435 2230 minus
449 2170 622 2231 mirabilem
637 2171 730 2233 dedit.
774 2173 817 2232 Et
832 2194 911 2245 cum,
921 2173 1008 2236 velut
1022 2173 1102 2232 iuter

196 2270 320 2333 pugnae
333 2249 482 2329 fugaeque
497 2252 657 2312 consilium
668 2253 841 2332 trepidante
854 2255 1000 2333 equitatu,
1011 2253 1102 2333 pedes

197 2349 319 2411 quoque
339 2331 464 2390 referret
485 2331 624 2410 gradum,
640 2332 738 2411 plenis
760 2342 884 2413 repente
901 2335 997 2414 portis
1016 2333 1102 2394 effusi
1117 2334 1155 2396 25

197 2411 308 2483 hostes,
323 2410 443 2489 inpulsa
461 2412 602 2472 Romana
618 2413 693 2485 acie,
711 2413 812 2475 studio
830 2415 962 2475 instandi
980 2435 1103 2494 sequen-

198 2490 292 2571 dique
307 2491 474 2551 trahuntur
495 2492 534 2551 ad
554 2491 654 2552 locum
675 2493 863 2555 insidiarum.
906 2495 983 2555 Inde
1003 2495 1104 2556 subito
1157 2496 1163 2508 “

199 2571 300 2631 exorti
315 2571 448 2631 Romani
462 2580 666 2632 transversam
683 2574 835 2635 invadunt
849 2575 980 2637 hostium
996 2577 1103 2636 aciem.

199 2649 332 2712 Addunt
351 2649 496 2731 pavorem
520 2660 603 2713 mota
627 2655 733 2714 castris
759 2655 846 2734 signa
868 2657 1102 2736 eorumquiin

200 2731 353 2811 praesidio
370 2731 470 2794 relicti
487 2731 619 2794 fuerant.
664 2733 715 2794 Ita
729 2736 895 2814 multiplici
910 2745 1024 2797 terrore
1039 2757 1104 2815 per·
1118 2738 1157 2800 30

200 2810 280 2871 culsi
299 2811 472 2884 Fidenates,
489 2814 573 2892 prius
590 2833 685 2894 paene
703 2836 795 2894 quam
816 2815 975 2890 Romulus,
992 2817 1104 2896 quique

201 2911 271 2950 cum
293 2911 327 2952 eo
341 2893 399 2956 visi
413 2903 510 2966 erant,
527 2894 770 2974 circumagerent
791 2896 883 2957 frenis
905 2917 1004 2976 equos,
1019 2906 1105 2975 terga

202 2979 345 3042 vertunt;
374 2973 532 3052 multoque
558 2975 689 3048 effusius,
713 2977 828 3056 quippe
848 2997 921 3039 vera
944 2977 1026 3055 fuga,
1051 2976 1103 3055 qui

201 3050 379 3113 simulantes
400 3054 493 3132 paulo
516 3064 587 3115 ante
608 3056 704 3116 secuti
721 3065 817 3129 erant,
832 3057 978 3136 oppidum
994 3065 1105 3135 repete

202 3130 286 3190 bant.
326 3131 398 3194 Non
414 3143 516 3194 tamen
531 3135 669 3214 eripuere
682 3157 713 3196 se
728 3136 823 3196 hosti:
839 3137 966 3198 haerens
976 3137 1008 3194 in
1020 3144 1104 3214 tergo
1120 3136 1158 3198 35

202 3210 369 3285 Romanus,
399 3214 578 3294 priusquam
607 3215 685 3275 fores
713 3226 872 3295 portarum
903 3216 1103 3286 obicerentur,

202 3289 289 3352 velut
310 3293 433 3372 agmine
454 3315 515 3353 uno
537 3295 695 3372 inrumpit.

244 3369 319 3433 XV.
363 3372 445 3432 Belli
469 3373 627 3432 Fidenatis
652 3372 832 3450 contagione
859 3371 976 3430 inritati
995 3369 1106 3428 Veien-

204 3449 281 3510 tium
304 3452 400 3512 animi
420 3462 450 3512 et
468 3451 740 3528 consanguinitate,
758 3455 844 3528 (uam
859 3449 1021 3508 Fidenates
1035 3464 1106 3522 quo-
