2616 3790
451 261 583 308 nnana
608 261 722 328 xxrr,
751 245 880 311 14-15.
1104 247 1167 312 lte

253 416 330 480 XV.
370 416 488 479 Fabius
511 419 627 499 pariter
650 419 683 480 in
706 439 775 480 suos
795 418 879 481 haud
900 419 1001 482 minus
1021 441 1114 500 qnam

214 499 246 559 in
269 498 364 559 hostie
387 499 534 575 intentus,
554 499 639 579 prius
659 499 699 560 ab
719 498 783 561 illis
802 500 952 562 invictum
976 501 1114 564 animum

214 585 356 658 praestat.
400 579 1013 660 Quamquamprobeecit,ncnincastris
1023 581 1114 643 modo

214 659 284 733 suis,
304 657 357 720 sed
377 658 444 738 jam
463 659 557 720 etiam
579 660 697 722 Romae
716 660 864 721 infamem
882 681 971 722 suam
990 671 1114 723 cuncta·

214 740 328 800 tionem
355 758 428 813 esse,
456 739 625 801 obstinatus
650 749 754 802 tamen
780 749 885 802 tenore
912 741 1018 802 eodem
1045 761 1114 804 con·
1148 741 1168 802 5

214 819 352 879 siliorum
379 820 502 880 aoemtis
528 820 681 900 reliquum
708 821 856 895 extraxit,
880 830 917 882 ut
943 820 1114 896 Hannibal,

215 899 378 960 destitutus
397 899 438 961 ab
457 919 511 980 spe
530 920 650 962 summa
669 921 726 982 ope
746 901 836 982 petiti
855 901 1038 976 certaminis,
1047 901 1114 981 jam

215 979 350 1040 hibernis
369 978 474 1040 locum
488 979 761 1060 circumspectaret,
775 981 849 1061 quia
868 1001 906 1042 ea
924 982 1009 1061 regio
1030 1001 1115 1060 prae-

214 1059 306 1120 sentis
326 1067 392 1120 erat
412 1059 527 1139 copiae,
540 1081 603 1121 non
618 1069 793 1142 perpetuae,
807 1060 934 1123 arbusta
946 1061 1114 1140 vineaeque

215 1148 245 1200 et
268 1139 386 1200 consita
408 1139 512 1200 omnia
539 1141 636 1221 magis
662 1141 796 1202 amoenis
820 1161 913 1221 quam
939 1142 1114 1202 necessariis
1127 1139 1169 1202 10

215 1219 374 1280 fructibus.
423 1218 512 1281 Haec
545 1241 601 1301 per
633 1220 840 1300 exploratores
872 1220 971 1282 relata
1003 1221 1112 1283 Fabio.

216 1299 294 1360 Cum
314 1299 388 1360 satis
407 1301 507 1374 sciret,
528 1321 584 1381 per
607 1302 728 1362 easdem
751 1300 917 1380 angustias,
959 1301 1049 1363 uibus
1070 1301 1114 1362 in·

215 1388 351 1442 traverat
377 1379 546 1441 Falernum
572 1401 690 1461 agrum,
717 1380 900 1454 rediturum,
953 1379 1113 1442 allicnlam

215 1469 350 1520 montem
380 1469 411 1521 et
437 1459 607 1522 Casilinum
634 1469 765 1541 occupat
789 1460 918 1521 modicis
944 1461 1113 1539 praesidiis,

216 1560 293 1619 quae
314 1539 386 1601 urbs
406 1540 565 1603 Vulturno
585 1540 711 1604 flumine
731 1540 885 1619 dirempta
907 1539 1075 1600 Falernum
1094 1559 1114 1600 a
1128 1540 1168 1602 15

216 1622 374 1700 Campano
393 1640 468 1701 agro
488 1621 620 1694 dividit;
641 1622 706 1701 ipse
724 1621 809 1701 jugis
829 1619 927 1680 isdem
946 1619 1114 1681 exercitum

216 1700 344 1774 reducit,
365 1700 455 1762 misso
475 1701 669 1781 exploratum
690 1721 761 1762 cum
781 1699 1012 1780 quadringentis
1032 1701 1115 1780 equi·

215 1780 297 1844 tibus
310 1781 461 1842 sociorum
475 1781 512 1842 L
527 1781 663 1843 Hostilio
676 1781 832 1842 Mancino.
874 1780 948 1858 Qui,
962 1800 1003 1842 ex
1022 1781 1115 1842 turba

217 1862 365 1940 juvenum
392 1860 583 1923 audientium
609 1881 700 1942 saepe
725 1861 866 1923 ferociter
888 1861 1115 1924 contionantem
1188 1857 1196 1868 '

216 1941 395 2020 magistrum
422 1943 568 2022 equitum.
588 1962 644 2022 pro
681 1961 762 2004 essue
787 1941 889 2082 primo
914 1961 954 2003 ex
975 1941 1115 2003 loratoris
1128 1941 1169 2004 20

216 2021 316 2094 modo,
336 2030 373 2082 ut
398 2042 437 2083 ex
464 2030 532 2084 tuto
558 2042 649 2101 specu
663 2032 767 2084 aretur
815 2030 920 2096 ostem,
943 2040 964 2081 u
986 2020 998 2082 i
1020 2041 1116 2102 vagos

214 2099 326 2179 passim
350 2118 406 2178 per
423 2099 507 2162 vicos
527 2098 678 2160 Numidas
697 2099 786 2172 vidit,
806 2105 833 2160 et
853 2119 908 2178 per
927 2103 1113 2161 occasionem

216 2179 308 2240 etiam
322 2198 436 2270 pancos
455 2179 577 2254 occidit,
591 2178 745 2258 extemplo
765 2188 929 2260 occupatus
949 2179 1113 2241 certamine

216 2264 261 2318 est
282 2276 412 2330 animas,
430 2258 670 2337 excideruntque
689 2266 851 2338 praecepta
871 2255 1038 2328 dictatoris,
1051 2255 1114 2335 qui,

216 2346 366 2417 quantum
385 2347 453 2401 tuto
473 2348 574 2432 posset
594 2357 793 2417 progressum,
806 2336 892 2416 prius
905 2335 1040 2416 recipere
1051 2354 1116 2396 sese
1129 2332 1169 2394 25

217 2419 351 2498 jusserat
363 2437 456 2496 quam
471 2439 503 2478 rn
520 2427 715 2497 conspectum
735 2417 868 2478 hostium
881 2415 1010 2479 renuet.
1050 2413 1116 2476 Nu·

216 2499 318 2558 midae
337 2497 392 2559 alii
413 2508 505 2579 atque
525 2499 580 2559 alii
601 2505 791 2558 occursantes
812 2495 1055 2574 refugientesque
1074 2494 1115 2555 ad

217 2586 318 2639 castra
344 2597 439 2659 prope
465 2580 531 2658 ipsa
558 2599 627 2639 cum
651 2577 832 2656 fatigatione
856 2595 1001 2657 equorum
1023 2584 1116 2654 atque

216 2658 376 2720 hominum
400 2671 583 2740 pertraxere.
624 2657 703 2718 Inde
729 2655 886 2730 Carthalo,
906 2675 998 2736 penes
1025 2675 1115 2734 quem

216 2758 336 2800 summa
349 2741 495 2819 equestris
504 2736 628 2819 vimperii
642 2745 717 2811 erat,
731 2736 891 2798 concitatis
911 2736 995 2816 equis
1015 2734 1116 2797 invec-
1129 2732 1170 2796 30

217 2829 275 2893 tus,
291 2838 371 2893 cum,
386 2820 562 2899 priusquam
577 2819 618 2879 ad
632 2818 801 2898 conjectum
821 2816 877 2877 teli
890 2815 1017 2889 veniret,
1031 2835 1117 2877 aver-

216 2901 302 2961 tisset
325 2898 429 2974 hostie,
449 2901 584 2979 quinque
606 2899 701 2958 ferme
724 2897 812 2958 milia
834 2895 1001 2957 continenti
1025 2916 1116 2957 cursu

216 2992 337 3043 secutus
370 2989 415 3042 est
450 2979 604 3060 fugientis.
659 2978 831 3049 Mancinus,
864 2985 1026 3056 postquam
1059 2996 1116 3037 nec

217 3060 333 3122 hostem
347 3060 488 3121 desistere
500 3059 585 3138 sequi
600 3079 657 3119 nec
676 3078 758 3138 spem
773 3057 854 3118 vidit
868 3055 1031 3137 effugiendi
1045 3076 1116 3129 esse,

217 3139 393 3203 cohortatus
405 3161 474 3201 suos
487 3141 520 3199 in
535 3139 684 3218 proelium
699 3137 799 3211 rediit,
810 3137 893 3196 omni
908 3145 995 3216 perte
1002 3135 1116 3198 virium
1130 3133 1169 3193 35

216 3223 315 3300 inpar.
357 3221 466 3299 Itaque
488 3220 552 3299 ipse
576 3229 607 3279 et
627 3217 738 3278 delecti
758 3217 895 3296 equitum
916 3215 1116 3276 circumventi

217 3301 414 3373 occiduntur;
436 3300 528 3360 ceteri
542 3300 635 3359 effuso
648 3317 752 3357 rursus
766 3316 856 3357 cursu
871 3295 959 3355 Cales
973 3294 1116 3370 primurn,

218 3380 288 3442 inde
302 3401 396 3462 prope
410 3380 502 3440 inviis
516 3378 647 3439 callibus
661 3377 701 3435 ad
715 3375 894 3434 dictatorem
930 3371 1116 3459 eriugerunt

256 3460 304 3521 Eo
318 3461 398 3522 forte
407 3460 457 3520 die
467 3457 624 3518 Minucius
638 3475 669 3514 se
682 3453 885 3531 conjunxerat
923 3445 1119 3515 ebremarus
