2616 3790
466 261 601 310 arnna
624 263 740 329 xxii,
768 247 852 311 5-6.
1097 245 1160 311 149

208 419 319 498 cuique
335 428 407 479 ante
421 429 476 479 aut
489 428 558 498 post
571 419 730 499 pugnandi
750 419 887 480 ordinem
908 417 1021 491 dabat;
1042 425 1108 478 tan·

154 505 157 508 ’
207 509 318 579 tusque
331 500 392 559 fuit
406 500 498 559 ardor
514 501 725 576 [animorum],
740 499 816 560 adeo
837 499 971 560 intentus
987 517 1108 578 pugnae

208 581 339 652 animus,
354 589 389 639 ut
403 599 472 639 eum
486 591 602 640 motum
617 589 724 653 terrae,
735 580 789 658 qui
804 579 969 639 multarum
986 578 1109 638 urbium

209 659 322 720 Italiae
349 679 474 738 magnas
502 670 603 738 partes
630 660 798 753 prostravit
825 661 996 738 avertitque
1018 679 1107 720 cursu

209 739 333 818 rapidos
347 741 454 812 amnis,
464 759 547 800 mare
561 739 738 801 flummibus
752 740 881 810 invexit,
891 751 1006 800 montes
1020 739 1109 819 lapsu
1143 739 1161 799 5

209 819 243 880 in
264 820 327 881 enti
341 820 470 898 proruit,
484 839 574 880 nemo
587 821 791 900 pugnantium
806 820 939 880 senserit.

283 898 309 960 I.
351 899 419 959 Tris
440 899 536 960 ferme
556 899 647 961 horas
671 909 841 980 pugnatum
867 909 920 973 est,
942 908 972 960 et
996 899 1109 979 ubique

209 979 371 1052 atrociter3
392 979 474 1040 circa
494 981 647 1041 consulem
669 991 772 1040 tamen
793 980 892 1041 acrior
912 980 1109 1059 infestiorque

210 1080 314 1140 pugna
334 1069 387 1120 est
429 1059 510 1120 Eum
525 1070 556 1121 et
570 1060 680 1121 robora
695 1061 830 1122 virorum
851 1059 1063 1140 sequebantur,
1079 1069 1110 1121 et

210 1141 284 1220 ipse,
299 1161 490 1220 quacumque
503 1141 536 1200 in
550 1149 638 1220 parte
651 1141 749 1220 premi
765 1161 802 1201 ac
816 1141 956 1201 laborare
975 1151 1109 1202 senserat
1124 1141 1163 1202 10

209 1241 287 1293 suos,
310 1221 429 1300 inpigre
450 1221 568 1281 ferebat
589 1242 695 1300 opem;
723 1221 932 1301 insignemque
959 1222 1052 1282 armis
1079 1231 1110 1282 et

210 1300 309 1361 hostes
321 1321 441 1361 summa
454 1302 486 1363 vi
507 1301 653 1381 petebant
673 1310 704 1362 et
722 1301 888 1362 tuebantur
908 1302 998 1375 cives,
1013 1302 1110 1363 donee

209 1379 339 1441 Insuber
360 1401 450 1460 eques
473 1381 625 1460 (Ducario
649 1401 759 1442 nomen
783 1387 864 1460 erat)
888 1381 968 1442 facie
990 1402 1110 1461 quoque

210 1461 362 1522 noscitans
382 1462 545 1536 consulem,
561 1468 579 1494 “
588 1483 626 1523 en
634 1463 651 1488 '’
666 1462 766 1540 inquit
780 1462 858 1522 “hic
872 1462 941 1522 est’'
956 1461 1109 1541 populari·

210 1540 266 1601 bus
287 1542 358 1616 suis,
375 1543 455 1622 “qui
479 1543 612 1622 legiones
636 1553 754 1603 nostras
778 1542 889 1603 cecidit
912 1561 1060 1622 agrosque
1080 1551 1110 1602 et
1125 1542 1163 1602 15

209 1621 316 1683 urbem
340 1631 385 1684 est
408 1623 628 1704 depopulatus!
669 1623 743 1687 Jam
768 1643 823 1702 ego
847 1624 928 1683 hanc
952 1622 1110 1684 victimam

209 1703 350 1764 manibus
369 1716 596 1785 peremptorum
616 1705 704 1766 foede
724 1705 839 1766 civium
860 1703 984 1777 dabo;'’
1009 1702 1110 1765 subdi·

208 1782 308 1862 tisque
329 1786 498 1847 calcaribus
519 1807 606 1866 equo,
627 1807 681 1867 per
702 1785 953 1847 confertissimam
977 1784 1109 1845 hostium

208 1863 330 1924 turbam
345 1866 495 1945 impetum
505 1867 589 1940 facit,
598 1867 779 1928 obtruncato
801 1887 839 1927 ue
852 1867 937 1946 prius
949 1866 1108 1944 armigero,

208 1944 261 2022 qui
285 1965 316 2005 se
340 1946 449 2008 infesto
471 1947 607 2010 venienti
630 1947 753 2009 obviam
773 1948 934 2028 ejecerat,
956 1945 1107 2007 consulem
1123 1945 1163 2007 20

208 2023 315 2086 lancea
328 2027 499 2101 transfixit3
520 2030 652 2108 spoliare
673 2029 843 2108 cupientem
865 2028 965 2088 triarii
985 2027 1109 2107 objectis

206 2107 300 2166 scutis
326 2128 461 2170 arcuere.
501 2109 556 2170 Ma
579 2130 637 2171 nae
660 2110 756 2190 partis
782 2109 857 2188 fuga
880 2109 952 2169 inde
975 2109 1109 2188 primum

208 2188 324 2267 eoepit3
345 2196 376 2250 et
395 2190 460 2269 jam
485 2209 541 2251 nec
557 2131 649 2252 ianus
669 2211 725 2252 nec
747 2201 863 2251 montes
884 2189 992 2269 pavori
1011 2189 1109 2250 obsta·

208 2265 301 2342 bant3
323 2271 493 2350 peremnia
510 2279 578 2332 arta
591 2279 817 2352 praeruptaque
830 2271 917 2334 velut
937 2271 1019 2330 caeci
1041 2289 1109 2329 eva-

207 2347 295 2422 dunt,
305 2371 451 2430 armaque
464 2360 495 2412 et
505 2351 565 2414 viri
579 2372 670 2432 super
683 2352 779 2413 alium
793 2352 848 2412 alii
859 2350 1108 2431 praecipitantur.
1123 2347 1162 2408 25

109 2486 113 2492 .
208 2427 284 2490 Pars
305 2451 426 2511 magna,
440 2432 494 2492 ubi
514 2431 599 2493 locus
619 2433 711 2526 fugae
731 2433 822 2505 deest,
840 2453 895 2510 per
915 2431 1015 2510 prima
1028 2431 1109 2491 vada

206 2509 331 2588 paludis
345 2512 377 2571 in
392 2533 504 2592 aquam
518 2533 676 2592 progressi,
691 2513 794 2592 quoad
815 2511 966 2592 capitibus
986 2511 1109 2570 umeris-

207 2610 265 2668 que
289 2600 394 2652 extare
415 2602 548 2669 possunt,
569 2614 632 2654 sese
652 2594 842 2674 inmergunt;
863 2592 948 2653 fuere
968 2611 1044 2671 quos
1064 2592 1108 2650 in·

206 2671 362 2732 consultus
389 2673 615 2752 perornando
642 2674 735 2734 etiam
760 2693 913 2754 capessere
936 2672 1041 2750 fugam
1064 2671 1109 2731 in-

205 2751 337 2829 pulerit;
366 2773 445 2832 quae
471 2752 525 2813 ubi
554 2754 692 2814 inmensa
719 2775 756 2815 ac
782 2755 848 2815 sine
874 2773 928 2834 spe
954 2761 1029 2827 erat,
1054 2761 1108 2814 aut
1121 2752 1162 2814 30

205 2831 417 2894 deficientibus
451 2833 561 2894 animis
595 2834 818 2895 hauriebantur
844 2833 1026 2915 gurgitibus,
1053 2843 1108 2894 aut

201 2912 391 2992 nequiquam
418 2913 488 2974 fessi
511 2914 593 2975 vada
621 2923 702 2976 retro
730 2915 896 2994 aegerrime
920 2913 1106 2993 repetebant,

203 3000 297 3071 atque
310 2992 356 3054 ibi
370 2993 410 3054 ab
424 2994 565 3073 ingressis
586 3015 697 3074 aquam
719 2995 852 3055 hostium
870 2994 1023 3088 equitibus
1041 3013 1107 3086 pas·

203 3070 260 3132 sim
282 3073 527 3135 trucidabantur.
569 3073 631 3136 Sex
651 3075 738 3135 milia
752 3075 847 3136 ferme
860 3094 952 3154 primi
966 3073 1106 3152 agminis,
1126 3140 1128 3144 ,

202 3171 257 3231 per
281 3151 425 3215 adversos
449 3153 544 3214 hostis
564 3155 724 3234 eruptione
748 3155 869 3234 inpigre
893 3153 986 3226 facta,
1007 3153 1106 3232 ignari
1121 3152 1160 3212 35

202 3232 339 3293 omnium
359 3253 438 3312 quse
456 3244 524 3313 post
544 3255 576 3294 se
596 3243 768 3314 agerentur,
781 3254 821 3293 ex
834 3233 916 3294 saltu
931 3252 1061 3303 evasere,
1077 3242 1107 3291 et

202 3331 270 3373 cum
286 3313 318 3372 in
333 3313 453 3375 tumulo
467 3314 599 3394 quodam
614 3314 827 3385 constitissent,
839 3313 1002 3371 clamorem
1017 3311 1107 3366 modo

201 3411 238 3452 ao
257 3413 366 3454 sonum
387 3414 541 3454 armorum
563 3394 730 3464 audientes,
744 3411 822 3470 quae
842 3391 967 3476 fortuna
987 3404 1108 3463 pugnae

198 3483 276 3534 esset
298 3492 398 3553 neque
418 3473 497 3533 scire
518 3492 574 3532 nec
596 3471 766 3550 perspicere
786 3487 860 3547 prae
877 3465 1009 3541 caligine
1025 3468 1107 3536 pote·
