2572 3790
470 231 603 280 ursus
628 232 654 300 1,
682 213 813 282 22-23.
1099 217 1143 284 39

183 393 288 453 minus
307 389 429 472 placeat
450 388 552 462 Tullo,
573 389 718 462 dicturos,
738 389 792 450 sed
816 388 944 468 imperio
968 388 1089 470 subigi:

183 495 234 534 res
254 472 418 551 repetitum
438 471 610 543 sevenisse,
626 471 660 530 ni
680 469 859 542 reddantur,
874 469 991 530 bellum
1012 471 1090 531 indi-

184 573 253 616 cere
276 553 383 632 jussos
438 551 492 610 Ad
519 549 595 610 haee
623 549 733 610 Tullus
763 549 958 610 “nuntiate''
987 551 1090 632 inquit

184 633 281 712 “regi
304 641 415 704 vestro,
439 651 542 710 regem
569 630 746 691 Romanum
769 629 841 692 deos
864 629 964 691 facere
990 640 1089 706 testes,

182 722 254 774 uter
267 712 353 792 prius
371 711 503 792 populus
519 730 567 772 res
583 719 753 789 repetentes
773 709 890 789 legatos
911 722 1089 791 aspernatus
1123 714 1143 776 ὃ

183 792 344 868 dimiserit,
357 801 395 854 ut
414 792 448 852 in
468 811 539 852 oum
559 809 663 852 omnes
684 798 831 870 expetant
848 789 974 874 hujusce
987 792 1089 854 clades

183 874 288 936 belli”
770 925 773 944 ,

225 954 358 1017 XXIII.
399 954 489 1016 Haec
502 954 649 1015 nuntiant
661 952 787 1013 domum
800 950 928 1014 Albani
970 953 1014 1015 Et
1026 953 1089 1016 bel·

184 1034 251 1095 lum
271 1036 426 1115 utrimque
445 1054 566 1096 summa
585 1052 642 1113 ope
662 1032 839 1112 parabatur,
861 1033 948 1096 civili
971 1033 1089 1095 similli-

120 1139 123 1142 ·
184 1136 271 1176 mum
284 1115 375 1190 bello,
389 1135 485 1195 prope
498 1116 579 1174 inter
614 1122 733 1174 arentes
753 1122 910 1254 natosqpe,
924 1113 1088 1194 Trojanam
1103 1116 1142 1178 10

184 1205 347 1274 utramque
366 1194 493 1275 prolem,
507 1214 578 1255 cum
647 1192 767 1256 vinium
788 1192 828 1254 ab
876 1195 950 1274 roja,
967 1195 1007 1255 ab
1027 1195 1087 1256 La·

183 1276 271 1338 vinio
284 1275 378 1349 Alba,
393 1274 433 1336 ab
447 1274 641 1335 Albanorum
661 1273 717 1334 stir
769 1293 875 1353 regum
889 1274 1012 1335 oriundi
1027 1274 1087 1336 Ro

184 1356 270 1415 mani
282 1364 389 1416 essent.
423 1355 562 1416 Eventus
572 1353 722 1415 tamenbe
747 1353 870 1414 iminus
883 1353 1087 1416 miserabilem
1125 1372 1135 1397 ’κ

185 1435 412 1496 dimicationem
432 1435 513 1509 fecit,
534 1435 616 1514 quod
636 1453 693 1496 nec
715 1435 781 1494 acie
803 1443 953 1496 certatum
975 1443 1028 1508 est,
1047 1443 1087 1509 et,

185 1515 273 1576 tectis
286 1516 376 1577 modo
390 1516 501 1576 dirutis
511 1514 637 1575 alterius
647 1514 741 1588 urbis,
752 1514 814 1574 duo
825 1514 931 1594 populi
944 1514 978 1574 in
991 1533 1088 1575 unum
1101 1515 1140 1578 15

186 1595 304 1656 confusi
329 1605 409 1658 sunt.
458 1595 577 1656 Albani
602 1595 718 1675 priores
745 1593 862 1674 ingenti
890 1593 1026 1658 exercitu
1053 1594 1087 1655 in

185 1673 1087 1837 tttttdffitffitttffituittttiti?

185 1835 277 1897 dant:
298 1835 378 1897 fossa
391 1835 507 1898 Cluilia
520 1835 560 1897 ab
572 1836 697 1898 nomine
710 1835 797 1896 ducis
813 1855 868 1915 per
884 1835 1002 1915 aliquot
1021 1855 1085 1896 sae·

185 1915 257 1976 cula
266 1936 286 1976 a
307 1916 422 1995 pellata
435 1924 490 1990 est,
501 1915 596 1977 donec
606 1935 678 1976 cum
689 1935 724 1976 ro
737 1935 848 1976 nomen
858 1935 978 1995 quoque
987 1925 1087 1978 vetus·
1099 1913 1142 1978 20

184 2003 249 2056 tate
268 2017 288 2056 a
328 1996 412 2058 levit.
453 1995 493 2056 In
513 1996 561 2056 his
582 1995 688 2056 castris
709 1994 850 2070 Cluilius,
863 1993 1006 2056 Albanus
1020 2016 1086 2069 rex,

184 2075 323 2148 moritur,
332 2076 512 2137 dictatorem
520 2075 638 2136 Albani
648 2075 792 2137 Mettium
803 2074 961 2136 Fufetium
972 2084 1085 2138 creant.

225 2155 354 2216 Interim
367 2155 486 2231 Tullus,
499 2155 587 2216 ferox
602 2155 765 2249 praecipue
785 2163 882 2217 morte
901 2155 989 2235 regis,
1003 2175 1087 2235 mag·

184 2255 319 2315 numque
345 2236 472 2298 deorum
499 2254 621 2310 numen,
644 2234 684 2296 ab
706 2255 772 2315 rpso
799 2235 901 2316 capite
921 2255 1032 2309 orsum,
1052 2236 1086 2296 in

184 2335 273 2375 omne
283 2336 392 2377 nomen
403 2315 563 2377 Albanum
573 2315 779 2396 expetiturum
790 2335 903 2395 poenas
916 2314 955 2376 ob
968 2314 1086 2377 bellum
1099 2312 1140 2376 25

184 2395 947 2536 3ruritiusiratissimus?
970 2396 1086 2536 sis

184 2554 224 2614 ab
244 2553 364 2617 stativis
384 2556 500 2618 excivit
556 2556 674 2616 ettium.
716 2555 813 2616 Ducit
827 2496 921 2635 guagm
937 2574 1086 2636 proxume

184 2635 224 2694 ad
235 2634 351 2696 hostem
362 2644 468 2715 potest
503 2635 580 2696 Inde
590 2635 727 2716 legatum
737 2635 934 2714 praemissum
944 2635 1086 2696 nuntiare

184 2714 275 2776 Tullo
284 2715 382 2795 jubet,
393 2715 570 2796 priusquam
584 2715 740 2789 dimicent,
751 2735 826 2794 opus
840 2735 903 2776 esse
917 2713 1085 2793 colloquio;
1100 2712 1139 2774 30
1193 2777 1196 2782 ,

182 2795 209 2856 si
230 2814 333 2855 secum
353 2815 528 2875 congressus
547 2795 596 2868 sit,
613 2796 686 2856 satis
705 2796 781 2856 scire
801 2815 838 2856 es
857 2815 889 2856 se
909 2794 1086 2869 allaturum,

183 2894 262 2953 quae
281 2875 379 2936 nihilo
399 2875 500 2935 minus
523 2875 564 2935 ad
586 2895 650 2935 rem
672 2874 845 2935 Romanam
863 2895 957 2954 quam
976 2874 1018 2934 ad
1031 2874 1086 2935 Al·

182 2952 295 3014 banam
310 2955 490 3034 pertineant.
532 2953 630 3014 Haud
644 2963 823 3034 aspernatus
836 2953 955 3029 Tullus,
965 2955 1087 3015 tametsi

182 3033 683 3175 vaffipdfemirebatur,maciem
693 3034 805 3096 educit.
841 3033 1087 3096 Exeuntcontra
1100 3113 1138 3176 35

182 3123 213 3174 et
292 3115 353 3176 ani.
644 3137 651 3148 ·

222 3194 389 3274 Postquam
406 3193 546 3256 instructi
559 3194 712 3273 utrimque
726 3191 859 3269 stabant,
883 3216 953 3256 cum
981 3197 1087 3274 paucis

203 3294 342 3334 rocerum
362 3276 396 3335 in
415 3275 551 3335 medium
569 3275 663 3335 duces
682 3275 842 3355 prodeunt.
884 3275 936 3335 Ibi
949 3276 1018 3335 infit
1030 3276 1087 3336 AI·
1149 3303 1151 3307 ·

181 3293 297 3415 lanus:
314 3359 331 3387 “
341 3355 469 3434 injurias
483 3364 514 3416 et
526 3375 589 3416 non
602 3354 737 3415 redditas
751 3375 806 3426 res,
821 3374 861 3414 ex
874 3354 994 3414 foedere
1008 3373 1087 3432 qnae

181 3433 329 3514 repetitae
341 3435 412 3510 sint,
421 3443 452 3496 et
466 3455 521 3514 ego
535 3453 638 3514 regem
648 3443 788 3494 nostrum
799 3431 948 3494 Cluilium
963 3451 1086 3492 causam
