2616 3790
451 248 585 294 menn
609 248 722 315 xx11,
744 229 873 296 28-29.
1092 231 1157 298 173

206 405 282 468 ferto
302 404 425 487 agmine
438 406 535 468 mittit
548 405 679 486 equites;
701 413 860 486 postremo,
875 424 945 466 oum
965 403 1104 468 hostibus

206 506 325 566 quoque
348 485 484 547 subsidia
507 485 589 547 mitti
609 487 737 560 videret,
758 486 913 546 instructis
933 484 1104 579 legionibus

205 566 350 646 procedit.
392 566 436 626 Et
449 565 620 641 Hannibal,
634 564 843 627 laborantibus
856 567 918 627 suis
931 566 995 628 alra
1012 574 1105 646 atque

205 647 275 719 alia,
297 655 451 708 crescente
476 647 649 721 certamine,
669 647 794 708 mittens
820 645 941 708 auxilia
966 646 1105 726 peditum

205 726 410 820 equitumque,
427 727 493 805 jam
512 727 628 807 justam
652 726 831 806 expleverat
850 726 956 801 aciem,
976 747 1013 788 ac
1033 727 1104 788 totis
1137 729 1159 792 5

204 817 358 885 utrrmque
384 806 502 867 viribus
528 815 672 868 certatur.
713 806 819 868 Prima
845 805 922 868 levis
948 815 1106 868 armatura

202 882 420 957 Romanorum,
440 892 694 964 praeoccupatum
723 905 757 944 er
783 882 925 945 inferiore
951 882 1017 946 loeo
1046 903 1113 944 suo·

186 963 308 1023 cedens
322 963 485 1036 tumulum,
499 962 588 1042 pulsa
601 963 783 1055 detrusaque
796 972 941 1024 terrorem
959 963 991 1024 in
1011 962 1111 1024 subse·

222 1050 344 1102 nentem
355 1041 462 1102 intulit
472 1041 604 1121 equitem
617 1049 648 1102 et
661 1040 702 1102 ad
714 1061 802 1121 mgna
814 1040 969 1121 legionum
979 1041 1100 1122 refirgit

200 1060 346 1182 ieditum
373 1121 453 1182 acies
479 1121 561 1182 inter
588 1120 743 1202 perculsos
766 1121 915 1202 inpavide
936 1121 1003 1184 sola
1025 1131 1101 1196 erat,
1116 1126 1156 1189 10

199 1200 431 1280 videbaturque,
444 1201 471 1262 si
486 1201 571 1281 justa
590 1221 628 1262 ac
648 1201 766 1262 directa
785 1221 890 1296 pugna
909 1211 994 1276 esset,
1013 1200 1101 1264 baut·

199 1300 354 1360 quaquam
382 1281 471 1361 inpar
497 1281 620 1355 futura3
641 1290 762 1342 tontum
789 1301 959 1343 animorum
986 1282 1101 1346 fecerat

162 1365 167 1372 “
198 1379 340 1453 prospere
353 1370 425 1422 ente
437 1381 549 1441 paucos
559 1361 624 1423 dies
637 1381 684 1422 res
697 1370 798 1441 gesta3
811 1370 857 1424 set
867 1362 966 1424 exorti
976 1373 1100 1442 repente

197 1441 389 1502 msidiatores
416 1460 486 1502 eum
512 1441 681 1503 tumultum
705 1450 918 1522 terroremque,
941 1441 974 1502 in
1001 1441 1100 1504 latera

197 1520 353 1601 utrimque
367 1519 407 1582 ab
420 1529 566 1601 tergoque
578 1522 777 1595 incursantes,
791 1522 938 1596 fecenmt,
953 1529 988 1583 ut
1001 1541 1099 1602 neque
1114 1523 1153 1586 15

196 1601 318 1663 animus
341 1601 381 1663 ad
406 1607 541 1682 pugnam
564 1602 724 1682 nequead
745 1601 852 1683 fugam
871 1621 939 1682 spes
955 1601 1098 1684 cuiquam

195 1701 229 1742 sn
270 1690 370 1744 resset

230 1701 367 1822 ΡὶὲΧΙΧ.
408 1759 487 1822 Τιιω
506 1760 632 1836 Fabius,
646 1761 746 1843 primo
766 1761 898 1825 clamore
918 1763 1097 1844 paventium

195 1840 311 1916 cudite,
326 1841 397 1902 dein
412 1851 573 1922 conspecta
586 1843 692 1923 procu]
707 1842 832 1904 turbata
845 1843 920 1917 acie,
936 1849 953 1876 ‘⁴
962 1843 1008 1906 ita
1021 1845 1095 1920 est,''

194 1920 306 2000 inquit,
320 1925 409 1984 “non
423 1922 551 1984 celerius
564 1943 657 2003 quem
676 1923 776 1997 timui,
790 1923 951 2004 deprendit
970 1923 1095 1986 fortuna
1109 1925 1150 1988 20

194 2002 405 2064 temeritatem.
445 2002 545 2065 Fabio
568 2010 715 2083 aequatus
736 2003 864 2084 imperio
885 2003 1095 2066 Hannibalem

194 2088 224 2142 et
243 2082 360 2144 virtute
382 2090 413 2144 et
436 2082 560 2145 fortuna
582 2085 766 2164 superiorem
787 2083 881 2146 videt
921 2083 981 2146 Sed
1008 2085 1095 2147 aliud

194 2162 344 2242 jurgandi
369 2163 622 2244 suscensendique
649 2172 768 2244 tempus
795 2163 870 2224 erit:
897 2183 980 2226 nuno
1006 2166 1096 2245 signa

194 2251 283 2303 extra
310 2241 429 2305 vallum
458 2244 607 2323 proferte;
640 2243 802 2306 victoriam
828 2243 909 2304 hosti
935 2254 1094 2324 extorque·

193 2342 290 2397 amus,
315 2323 531 2384 confessionem
555 2324 664 2384 erroris
688 2323 839 2386 civibus.'’
880 2322 954 2386 Jam
981 2345 1094 2403 magna
1108 2323 1149 2386 25

193 2422 231 2463 ex
267 2412 334 2466 arte
347 2405 442 2466 eaesis
455 2404 533 2478 aliis,
547 2404 616 2466 aliis
636 2403 958 2484 circumspectantibus
978 2403 1093 2483 fugam,

193 2425 336 2546 Fabiana
361 2505 394 2547 se
420 2487 500 2547 acies
526 2494 659 2566 repente,
679 2483 766 2548 velut
789 2483 874 2545 caelo
893 2483 1024 2545 demissa
1053 2484 1094 2545 ad

192 2565 353 2640 auxilium,
366 2567 515 2628 ostendit:
535 2567 649 2647 itaque,
662 2565 841 2646 priusquam
861 2563 902 2625 ad
923 2563 1093 2644 conjectum

162 2669 165 2677 ’
192 2644 247 2704 teli
270 2647 389 2708 veniret
415 2656 470 2708 aut
496 2667 623 2712 menum
644 2652 821 2720 consereret,
839 2653 871 2706 et
890 2664 959 2706 suos
979 2665 998 2706 a
1018 2645 1094 2726 fuga

192 2724 286 2786 effusa
313 2735 344 2788 et
370 2727 410 2789 ab
436 2728 528 2790 nimis
555 2727 649 2790 feroci
674 2747 779 2808 pugne
806 2726 905 2787 hostes
927 2725 1089 2788 continuit.
1107 2725 1148 2789 30

193 2804 256 2882 Qui
277 2805 384 2869 solutis
403 2808 563 2870 ordinibus
582 2828 661 2889 vage
681 2807 819 2888 dissipati
840 2815 937 2881 erant,
957 2805 1094 2887 undique

191 2885 396 2966 confugerunt
422 2889 462 2950 ad
489 2889 641 2970 integram
669 2889 784 2962 aeicm;
805 2887 860 2967 qui
879 2886 982 2967 plures
1001 2886 1094 2948 simul

190 2973 277 3046 terga
310 2967 467 3044 dederant,
496 2971 633 3032 conversi
666 2971 699 3030 in
732 2968 850 3031 hostem
877 2967 1093 3047 volventesque

190 3045 304 3122 orbem,
318 3067 401 3110 nunc
420 3051 531 3110 sensim
551 3049 662 3111 referre
682 3049 799 3145 pedem,
814 3069 896 3110 nuno
917 3047 1093 3142 conglobati

190 3136 321 3189 restare:
334 3148 371 3190 ac
380 3130 446 3209 jam
461 3151 555 3210 prope
569 3151 631 3192 una
644 3149 723 3192 acres
736 3130 819 3192 facta
832 3137 899 3190 erat
911 3129 987 3192 victl
1001 3137 1093 3207 atque
1107 3123 1146 3188 35

188 3205 301 3286 integri
314 3210 475 3284 exercitus,
489 3210 720 3290 inferebantque
732 3209 822 3290 signa
835 3209 867 3269 in
880 3209 1006 3282 hostem,
1021 3228 1092 3268 cum

189 3285 309 3349 Poenus
322 3289 458 3370 receptui
472 3291 592 3363 cecinit,
607 3290 710 3369 palam
725 3291 841 3351 ferente
854 3287 1041 3359 Hannibale,
1052 3287 1092 3346 ab

188 3387 220 3427 se
234 3366 418 3443 Minucium,
432 3390 464 3430 se
477 3369 517 3430 ab
531 3369 630 3430 Fabio
644 3370 771 3432 vietum.
1096 3375 1098 3378 ’

229 3446 280 3512 Ita
292 3470 348 3529 per
361 3450 481 3511 variam
495 3449 649 3509 fortunam
664 3447 726 3506 diei
740 3445 853 3523 majore
868 3449 955 3520 parte
973 3445 1092 3507 exacta,
