2616 3790
150 195 214 262 104
315 209 405 258 rrrr
434 211 530 262 n1v1
559 211 615 259 Aa
644 211 762 262 vnan
790 211 981 259 connrrs

197 367 330 429 colonias
354 367 387 427 in
409 387 518 446 agrum
542 365 701 428 Gallicum
722 366 870 446 deductas
893 387 983 447 aegre
1007 368 1104 448 patie-

200 447 321 508 bantur.
338 527 344 540 .
356 447 466 525 Itaque
481 447 573 507 armis
587 457 710 526 repente
724 447 862 540 arreptis,
873 447 905 506 in
919 468 987 510 eum
1002 449 1104 527 ipsum

199 526 1103 686 tttt..3tt“t..fttttt‘tttittttt.tttttt

166 685 354 747 btriumviri
382 685 523 758 Romani,
548 686 601 764 qui
629 686 670 746 ad
697 705 806 764 agrurn
828 697 975 748 venerant
1002 688 1103 767 adsig-

199 766 345 838 nandum,
366 764 457 825 diffisi
479 765 653 826 Placentiae
676 764 832 826 moenibus
856 765 1011 827 Mutinam
1032 788 1102 828 con-

198 845 342 924 fugerint,
356 843 390 906 G.
411 843 565 916 Lutatius,
579 844 614 906 Ο.
635 843 792 918 Servilius,
807 844 850 905 M.
866 845 996 906 Annius.
1038 846 1101 921 Lu-

197 925 256 986 tati
269 945 379 986 nomen
393 924 477 985 haud
492 924 620 985 dubium
634 933 695 997 est3
716 944 773 1003 pro
786 924 891 986 Annio
910 924 1039 988 Servilio
1062 947 1102 988 ue

198 1004 252 1064 Μ’.
262 1004 399 1065 Acilium
414 1013 444 1065 et
458 1004 491 1065 G.
502 1003 694 1064 Herennium
705 1003 953 1082 habentquidam
964 947 1100 1081 annales,

145 1083 184 1148 10
198 1083 253 1144 alii
272 1084 306 1145 P.
322 1082 499 1146 Cornelium
512 1083 642 1144 Asinam
657 1091 687 1144 et
701 1083 734 1144 Ο.
751 1083 910 1163 Papirium
931 1084 1099 1146 Masonem.

197 1164 234 1225 Id
249 1183 368 1243 quoque
378 1163 507 1224 dubium
518 1172 571 1237 est,
582 1163 675 1242 legati
690 1163 731 1224 ad
745 1162 1000 1242 expostulandum
1014 1165 1100 1226 missi

195 1244 236 1304 ad
247 1243 338 1305 Boios
348 1243 456 1305 violati
469 1244 539 1318 siut,
549 1263 589 1304 an
600 1243 633 1303 in
644 1243 820 1305 triumviros
833 1263 941 1323 agrum
955 1245 1100 1306 metantis

194 1325 237 1385 im
278 1334 325 1384 tus
338 1323 497 1385 sitfactus.

270 1404 375 1465 utinae
394 1424 463 1464 oum
480 1403 700 1475 obsiderentur,
713 1411 745 1464 et
764 1423 838 1496 gens
858 1403 899 1464 ad
919 1424 1098 1484 oppugnan-

142 1483 181 1545 15
195 1484 305 1544 darum
319 1483 442 1544 urbium
459 1492 539 1544 artas
557 1484 651 1556 rudis,
665 1484 831 1563 pigerrima
844 1484 949 1545 eadem
964 1485 1004 1544 ad
1019 1485 1098 1544 mili-

193 1564 275 1624 taria
288 1584 388 1643 opera,
403 1563 502 1642 segnis
523 1563 646 1624 intactis
667 1563 819 1624 adsideret
840 1564 943 1637 muris,
956 1565 1097 1624 simulari

194 1663 246 1704 coe
268 1653 334 1704 tum
351 1643 389 1704 de
406 1663 482 1722 pace
501 1644 552 1722 agi
561 1665 569 1716 ;
590 1645 769 1723 evocatique
782 1643 822 1704 ab
837 1643 999 1705 Gallorum
1013 1645 1097 1722 prin-

193 1664 312 1802 cipibus
332 1723 426 1802 legati
446 1723 487 1784 ad
507 1723 711 1802 conloquium,
731 1744 791 1785 non
812 1733 919 1784 eontra
934 1724 985 1803 jus
1005 1725 1096 1786 modo

192 1804 340 1883 gentium,
353 1803 406 1865 sed
422 1803 539 1867 violata
559 1804 661 1877 etiam,
676 1824 754 1883 quae
775 1804 849 1864 data
868 1803 901 1864 in
922 1804 954 1864 id
975 1813 1095 1884 tempus

140 1882 180 1945 20
193 1894 268 1959 erat,
288 1885 356 1958 fide,
378 1885 673 1965 conprehenduntur‚
694 1885 876 1964 negantibus
900 1883 1010 1960 Gallis,
1033 1885 1094 1946 nisi

192 1964 311 2027 obsides
331 1966 389 2027 sibi
409 1966 615 2040 redderentur,
629 1985 679 2026 eos
694 1966 876 2027 dimissuros.
917 1965 996 2027 (lum
1016 1967 1094 2028 haec

192 2045 353 2125 delegatis
370 2047 514 2110 nuntiata
534 2055 632 2107 essent
652 2055 684 2107 et
703 2046 828 2107 Mutina
847 2047 1094 2126 praesidiumque

192 2125 225 2185 in
249 2125 386 2205 periculo
410 2135 496 2200 esset,
517 2127 553 2188 L.
575 2127 712 2188 Manlius
732 2135 854 2206 praetor
877 2127 925 2187 ira
948 2147 1092 2188 accensus

192 2206 320 2267 effusum
350 2227 459 2286 agmen
486 2208 525 2268 ad
553 2207 710 2268 Mutinam
738 2206 832 2268 ducit
887 2206 991 2269 Silvae
1017 2215 1093 2268 tuno

139 2282 179 2344 25
192 2286 274 2346 circa
287 2287 370 2348 viam
384 2296 480 2361 erant,
494 2288 646 2367 plerisque
660 2286 792 2348 incultis.
828 2286 887 2360 Ibi,
899 2287 1092 2365 inexplorato

191 2366 353 2446 profectus,
363 2367 396 2427 in
409 2367 534 2428 insidias
547 2369 738 2448 praecipitat,
747 2366 905 2446 multaque
919 2387 990 2427 cum
1000 2367 1093 2427 caede

190 2466 314 2507 suorum
328 2467 418 2527 aegre
432 2448 463 2508 in
478 2457 597 2527 apertos
618 2469 739 2527 campos
756 2447 885 2508 emersit.
928 2446 978 2507 Ibi
991 2454 1093 2507 castra
1194 2468 1197 2473 ·

191 2527 387 2601 communita,
406 2537 445 2602 et,
465 2529 538 2606 quia
558 2526 658 2588 Gallis
678 2527 719 2588 ad
739 2526 919 2607 temptanda
938 2547 974 2586 ea
994 2526 1092 2587 defuit

52 2674 56 2684 μ
191 2623 267 2682 spes,
281 2603 384 2664 refecti
404 2615 476 2666 sunt
488 2605 621 2666 militum
636 2606 740 2679 animi,
754 2626 939 2687 quamquam
953 2607 993 2668 ad
1007 2609 1091 2688 prtia·

138 2681 178 2742 30
191 2690 290 2760 pentes
309 2683 450 2744 cecidisse
468 2685 540 2744 satis
566 2684 731 2746 constabat.
773 2684 838 2746 Iter
857 2687 967 2748 deinde
988 2687 1026 2747 de
1046 2688 1091 2749 in·

193 2767 278 2836 tegro
293 2768 442 2838 coeptum,
456 2780 522 2835 nee,
536 2761 608 2821 dum
624 2783 678 2841 per
691 2763 829 2842 patentia
842 2763 911 2824 loca
923 2763 1093 2825 ducebatur

193 2856 311 2915 agmen,
332 2841 477 2919 apparuit
497 2841 608 2914 hostis3
629 2842 684 2902 ubi
706 2862 810 2903 rursus
833 2843 930 2904 silvae
950 2845 1092 2917 intratae,

191 2925 258 2976 turn
282 2928 447 2996 postremos
469 2920 569 2982 adorti
594 2941 664 2981 cum
687 2942 801 3000 magna
826 2923 1030 3002 trepidatione
1055 2943 1093 2984 ao

191 3015 303 3073 pavore
323 2999 460 3059 omnium
480 3001 684 3079 septingentos
705 3001 817 3062 milites
836 3003 1024 3075 occiderunt,
1037 3023 1092 3063 sex

138 3071 278 3153 assigna
292 3078 439 3140 ademere.
481 3079 567 3139 Finis
581 3088 612 3140 et
624 3079 726 3141 Gallis
738 3081 901 3142 territandi
915 3091 946 3142 et
959 3083 1092 3160 pavendi

189 3153 251 3214 fuit
264 3155 420 3228 Romanis,
431 3165 467 3217 ut
480 3177 497 3216 e
509 3159 590 3218 saltu
604 3159 688 3220 invio
702 3171 794 3239 atque
808 3161 946 3241 inpedito
960 3182 1090 3223 evasere.

190 3230 267 3292 Inde
281 3237 393 3312 apertis
408 3235 481 3296 locis
496 3236 586 3297 facile
600 3247 734 3299 tutantes
748 3259 857 3319 agmen
868 3241 1000 3302 Romani
1012 3241 1091 3301 Tan·

189 3319 303 3387 netum,
317 3315 420 3375 vicum
441 3316 620 3392 propincum
641 3317 736 3390 Pado,
757 3321 946 3380 contendere.
988 3319 1038 3380 Ibi
1058 3340 1090 3380 se

188 3391 377 3454 munimento
397 3393 437 3454 ad
457 3402 577 3472 tempus
597 3398 874 3479 commeatibusque
898 3399 1035 3460 fluminis
1058 3408 1089 3461 et
