2616 3790
168 220 232 287 114
340 237 429 285 r1r1
456 237 633 286 n1v1sn
658 237 774 288 vana
803 234 1002 285 counrrs

220 415 275 488 per
288 403 371 456 artas
384 393 624 473 praecipitesque
637 392 704 456 vias
717 413 831 472 magna
845 413 932 453 mora
945 391 1127 472 agebantur,

220 484 267 535 rta
284 483 387 535 tutum
407 472 448 534 ab
468 473 614 546 hostibus,
634 492 827 553 quacumque
847 473 1033 547 incederent,
1054 474 1129 553 quia

220 554 346 614 insuetis
365 553 501 614 adeundi
520 553 645 633 propius
665 560 764 614 metus
784 561 859 626 erat,
874 572 985 632 agmen
1004 553 1130 634 praebe·

188 632 352 783 §bailddno
378 712 429 774 die
456 712 489 772 in
511 712 622 792 jugum
646 711 778 792 Alpium
804 723 986 791 perventum
1007 722 1053 776 est
1073 733 1130 793 per

220 793 467 934 qqqiqlplersque
480 802 512 854 et
525 813 650 867 errores,
664 812 739 872 quos
760 802 816 853 aut
837 793 1015 856 ducentium
1033 795 1128 867 fraus,

277 919 286 946 Ι

340 873 350 932 i
364 872 439 933 fides
452 873 491 933 iis
504 893 567 933 non
580 883 667 946 esset,
678 883 791 936 temere
806 873 900 936 initae
913 875 1011 936 valles
1026 895 1046 934 a
1058 895 1129 935 eon-

222 952 410 1092 qectantibus
425 953 485 1013 iter
503 952 667 1014 faciebant
709 953 845 1016 Biduum
867 955 900 1014 in
917 954 994 1035 jugo
1013 955 1130 1016 stativa

245 1032 339 1105 abita,
352 1032 496 1112 fessisque
510 1031 616 1094 labere
630 1052 667 1094 ae
682 1036 849 1114 pugnando
863 1035 947 1114 quies
961 1035 1035 1095 data
1048 1034 1129 1094 mili·

170 1115 210 1180 10
224 1112 323 1184 tibus3
340 1114 540 1192 jumentaque
561 1113 688 1194 aliquot,
704 1135 782 1195 quae
795 1115 939 1194 prolapsa
952 1115 986 1174 in
999 1114 1130 1193 rupibus

224 1202 322 1265 erant,
332 1193 488 1274 sequendo
501 1195 631 1274 vestigia
645 1196 777 1274 agminis
791 1195 824 1255 in
839 1204 940 1256 castra
952 1215 1128 1274 pervenere.

222 1271 322 1334 Fossis
336 1273 437 1334 taedio
451 1283 497 1335 tot
510 1275 662 1337 malorum
671 1277 752 1338 nivis
763 1275 855 1337 etiam
867 1294 962 1348 casus,
971 1274 1130 1336 occidente

223 1355 291 1494 {pm
311 1354 409 1416 sidere
422 1354 643 1436 Vergiliarum,
661 1359 817 1438 ingentem
838 1364 983 1416 terrorem
1005 1355 1128 1434 adjecit

250 1455 283 1495 er
294 1437 399 1497 omnia
412 1437 485 1499 nive
497 1439 622 1519 oppleta
636 1459 716 1511 cum,
724 1437 819 1516 signis
834 1435 935 1515 prima
947 1434 1017 1496 luce
1027 1435 1129 1508 motis,

170 1517 209 1579 15
222 1517 354 1597 segniter
367 1537 477 1597 agmen
491 1519 652 1593 incederet,
666 1518 853 1598 pigritiaque
865 1524 897 1575 et
909 1514 1082 1656 desffitio
1094 1515 1130 1574 in

223 1598 358 1658 omnium
373 1599 463 1659 vultu
477 1601 633 1671 emineret,
648 1617 839 1679 praegressus
858 1596 948 1674 signa
1042 1594 1130 1656 nibal

222 1676 257 1737 in
270 1679 484 1756 promunturio
498 1681 641 1759 quodam,
656 1679 738 1739 unde
758 1678 849 1756 longe
862 1695 898 1736 ac
913 1674 977 1736 late
989 1695 1130 1756 prospec-

223 1763 274 1816 tus
293 1767 369 1830 crat,
387 1760 548 1821 consistere
565 1761 656 1840 jussis
677 1756 828 1827 militibus
848 1755 975 1817 Italiam
995 1763 1131 1816 ostentat

222 1836 432 1917 subjectosque
445 1839 571 1920 Alpinis
592 1838 746 1903 montibus
767 1835 1027 1915 Circumpadanos
1048 1855 1129 1896 cam·

170 1917 210 1980 20
223 1936 294 1995 pos:
309 1919 448 1979 ‘moenia
460 1939 510 1981 eos
524 1929 590 1982 tum
604 1919 818 1982 transcendere
828 1937 890 1978 non
901 1915 1014 1976 Italiae
1027 1915 1129 1989 modo,

222 1996 275 2057 sed
299 1997 392 2059 etiam
415 1999 500 2061 urbis
524 2001 700 2074 Romanam
721 2009 822 2061 cetera
846 1995 949 2076 plana,
973 1995 1129 2075 proclivia

222 2076 305 2151 fore;
324 2098 386 2139 uno
399 2088 455 2140 aut
466 2100 618 2142 summum
633 2081 730 2142 altero
744 2078 860 2159 proelio
873 2095 975 2137 arcem
988 2085 1020 2136 et
1033 2084 1129 2155 caput

223 2156 335 2218 Italiae
347 2159 381 2218 in
394 2180 487 2220 manu
501 2181 538 2222 ac
552 2170 701 2241 potestate
714 2157 891 2221 habituros!

263 2237 430 2300 Procedere
443 2240 516 2302 inde
529 2262 638 2320 agmen
653 2241 761 2321 coepit,
772 2240 839 2319 jam
848 2236 928 2298 nihil
938 2257 978 2297 ne
988 2234 1128 2298 hostibus

170 2317 346 2397 tequidem
370 2328 491 2399 praeter
512 2341 609 2400 parva
632 2321 717 2382 furta
740 2340 795 2400 per
818 2317 1007 2380 occasionem
1032 2325 1128 2396 temp-

222 2399 369 2460 tantibus.
411 2399 554 2461 Ceterum
564 2401 623 2462 iter
633 2401 732 2462 multo
742 2419 835 2480 quam
846 2399 879 2458 in
889 2417 1015 2458 ascerum
1025 2395 1128 2457 fuerat

224 2479 275 2552 (ut
298 2479 443 2560 pleraque
466 2480 598 2561 Alpium
621 2481 662 2542 ab
686 2481 781 2542 ltalia
807 2480 887 2541 sicut
913 2476 1055 2538 breviora
1082 2476 1128 2537 ita

222 2559 388 2620 arrectiora
411 2566 498 2640 sunt)
523 2561 678 2623 difficilius
702 2562 779 2634 fuit;
802 2559 901 2621 omnis
925 2557 1007 2618 enim
1031 2557 1128 2618 ferme

222 2638 275 2699 via
289 2659 441 2720 praeceps,
452 2651 591 2722 angusta,
602 2640 722 2703 lubrica
732 2650 807 2715 erat,
818 2649 855 2700 ut
868 2657 965 2717 neque
978 2636 1128 2698 sustinere

170 2717 210 2780 30
222 2737 254 2779 se
267 2738 287 2779 a
300 2720 389 2799 lapsu
402 2730 532 2812 possent,
541 2742 597 2783 nec
606 2723 661 2802 qui
671 2721 799 2802 paulum
809 2718 991 2781 titubassent
1000 2717 1128 2777 haerere

222 2797 327 2858 afflicti
341 2799 467 2878 vestigio
480 2820 545 2875 suo,
557 2802 672 2884 aliique
690 2823 781 2883 super
794 2800 870 2862 alios
891 2809 922 2862 et
937 2799 1080 2878 jumenta
1093 2797 1127 2858 in

221 2876 359 2939 homines
372 2879 571 2943 succiderent

263 2958 426 3021 XXXVI.
469 2960 606 3022 Ventum
621 2959 731 3023 deinde
745 2960 785 3022 ad
800 2961 898 3022 multo
919 2957 1127 3039 angustiorem

222 3059 339 3118 rupem,
350 3048 442 3118 atque
452 3040 496 3100 ita
507 3041 597 3102 rectis
607 3042 698 3114 saxis,
709 3051 745 3102 ut
758 3061 848 3122 aegre
861 3041 1023 3121 expeditus
1037 3039 1128 3099 miles

171 3117 210 3177 35
223 3119 462 3197 temptabundus
482 3120 683 3200 manibusque
696 3122 829 3182 retinens
845 3121 983 3200 virgulta
1002 3139 1040 3179 ac
1059 3119 1128 3179 stir-

224 3217 276 3334 pes
300 3199 382 3290 circa
404 3198 569 3259 eminentes
592 3199 751 3261 demittere
771 3221 833 3262 sese
853 3211 961 3280 posset.
1002 3198 1128 3260 Natura

224 3281 958 3439 tltttttttmbtttttttlttttttt
968 3279 1128 3419 ”tulli

225 3432 312 3494 velut
337 3433 378 3494 ad
405 3433 497 3494 finem
520 3435 589 3497 viae
616 3438 732 3515 equites
759 3440 973 3514 constitissent,
999 3439 1128 3500 miranti
