2572 3790
130 213 174 280 32
301 232 391 278 rrrr
417 231 513 280 nrvr
539 230 594 308 aa
620 231 739 282 vana
769 231 962 280 counrnn

184 408 243 468 que
262 387 386 449 Etrusci
405 386 555 467 fuerunt)
570 395 601 449 et
614 388 696 468 quod
711 388 776 468 ipsa
790 388 1002 470 propinquitas
1015 389 1086 464 loci,

183 469 210 529 si
235 468 376 530 Romana
402 488 489 529 arma
516 468 657 528 omnibus
683 469 794 529 intesta
817 469 956 530 finitimis
979 478 1086 543 essent,

183 548 371 609 stimulabat.
413 547 451 608 In
462 548 536 608 fines
546 547 701 609 Romanos
712 559 952 611 excucurrerunt
961 551 1087 630 popula·

185 627 282 689 bundi
310 627 407 708 magis
431 648 523 709 quam
546 629 623 708 justi
651 649 734 690 more
757 628 841 691 belli.
893 630 1002 710 Itaque
1025 651 1085 689 non

83 731 85 736 ·
151 707 291 770 &castris
324 707 439 788 positis,
467 729 530 770 uon
563 718 739 788 exspectato
772 709 907 772 hostium
941 711 1087 783 exercitu,

185 797 306 869 raptam
330 808 370 849 ex
394 788 476 868 agris
499 789 644 867 praedam
670 798 826 869 portantes
847 790 940 853 Veios
961 790 1085 851 rediere.

185 868 344 932 Romanus
378 878 494 941 contra,
520 878 682 962 postquam
710 869 826 930 hostem
854 870 888 930 in
915 871 998 950 agris
1025 889 1086 930 non

184 949 314 1023 invenit,
339 949 529 1010 dimicationr
553 948 681 1009 ultimae
706 949 873 1011 instructus
892 951 1087 1029 intentusque

185 1029 320 1092 Tiberim
340 1030 458 1092 transit.
501 1029 603 1107 Quem
677 1041 783 1110 tquam
804 1040 905 1092 castra
923 1051 1036 1112 ponere
1057 1041 1088 1090 et

133 1112 172 1176 10
186 1112 227 1173 ad
256 1111 361 1172 urbem
387 1130 579 1172 accessurum
606 1051 751 1172 libibntes
782 1112 936 1188 audivere,
964 1112 1088 1175 obviam

186 1193 304 1272 egressi,
318 1201 355 1253 ut
374 1191 475 1272 potius
496 1191 562 1252 acie
583 1191 788 1266 decernerent,
804 1213 895 1272 quam
916 1193 1028 1254 inclusi
1048 1193 1087 1253 de

185 1273 272 1336 tectis
299 1272 517 1352 moenibusque
544 1272 734 1333 dimicarent.
776 1272 827 1334 Ibi
854 1274 971 1336 viribus
998 1273 1088 1334 nulla

187 1365 253 1416 arte
278 1355 400 1436 adjutis,
421 1363 543 1414 tantum
563 1353 701 1415 veterani
725 1353 833 1416 robore
856 1356 1007 1417 exercitus
1030 1375 1087 1416 rex

187 1436 344 1498 Romanus
357 1435 442 1509 vicit,
457 1443 691 1516 persecutusque
704 1417 786 1498 lusos
800 1435 840 1496 ad
854 1438 974 1498 moenia
987 1437 1088 1498 hostes

134 1516 262 1580 15urbe
284 1517 390 1581 valida
411 1517 506 1578 muris
533 1535 570 1576 ac
597 1516 658 1576 situ
685 1517 696 1576 i
718 1537 763 1577 so.
778 1518 900 1578 munita
920 1518 1086 1590 abstinuit;

186 1620 275 1680 agros
295 1598 415 1659 rediens
428 1605 538 1671 vastat,
553 1537 721 1659 ulciscendi
734 1600 832 1678 magis
850 1620 943 1678 quam
958 1599 1088 1676 praedae

186 1681 304 1743 studio:
318 1699 414 1760 eaque
427 1678 516 1740 clade
528 1679 606 1741 haut
619 1679 721 1739 minus
734 1699 826 1758 quam
841 1681 970 1742 adversa
984 1699 1089 1760 pugna

187 1762 316 1836 subacti,
335 1760 479 1823 Veientes
507 1779 613 1839 pacem
640 1759 771 1840 petitum
798 1769 932 1824 oratores
955 1761 1088 1822 Romam

186 1843 322 1904 mittunt.
364 1839 444 1921 Agri
464 1849 552 1920 parte
573 1839 710 1901 multatis
731 1839 908 1900 incentum
929 1861 1025 1902 annos
1043 1841 1087 1902 in·

77 1923 97 2005 ,¹
134 1921 174 1982 20
187 1923 291 1984 dutiae
311 1922 409 1982 datae.
628 1917 633 1935 '

227 2002 315 2065 Haec
341 2003 435 2064 ferme
462 2001 595 2064 Romulo
622 2008 770 2082 regnante
793 2000 877 2064 domi
899 1999 1089 2083 militiaeque

187 2093 280 2164 gesta,
302 2104 431 2163 quorum
452 2084 533 2144 nihil
553 2083 699 2144 absonum
721 2081 793 2143 fidei
817 2080 942 2145 divinae
963 2084 1089 2164 originis

189 2165 419 2243 divinitatisque
433 2173 500 2244 post
514 2174 642 2224 mortem
665 2163 799 2224 creditae
819 2163 1007 2238 fuit—non
1026 2164 1089 2224 ani-

188 2265 256 2305 mus
269 2245 302 2304 in
315 2264 408 2323 regno
422 2245 506 2306 avito
521 2244 737 2323 recuperando,
747 2263 809 2303 non
820 2244 996 2306 condendae
1005 2243 1089 2304 urbis

135 2322 358 2396 reconsutam,
381 2344 442 2386 non
471 2323 553 2384 bello
579 2344 616 2385 ac
640 2343 716 2402 pace
740 2323 916 2385 firmandae.
958 2324 1010 2385 Ab
1035 2322 1089 2384 illo
1135 2346 1144 2391 ,ι

188 2406 269 2466 enim
283 2405 418 2484 profecto
432 2404 550 2466 viribus
565 2403 644 2464 datis
661 2411 782 2464 tantum
798 2404 905 2476 valuit,
920 2405 1001 2466 utin
1015 2424 1087 2482 qua·
1135 2425 1143 2454 f

188 2485 332 2564 draginta
345 2484 455 2545 deinde
468 2504 563 2545 annos
578 2492 676 2545 tutam
687 2501 793 2561 pacem
807 2483 942 2545 haberet.
983 2483 1089 2545 Multi·
1133 2525 1136 2532 ·

187 2565 290 2626 tudini
309 2574 413 2625 tamen
433 2565 549 2643 gratior
565 2564 625 2624 fuit
642 2583 734 2642 quam
751 2563 899 2642 patribus,
914 2565 1005 2644 longe
1018 2573 1089 2625 ante
1132 2555 1141 2620 ἶ

188 2644 264 2707 alios
292 2645 518 2724 acceptissimus
549 2644 684 2704 militum
719 2643 846 2704 animis:
881 2653 1090 2724 trecentosque

135 2724 175 2786 30
188 2734 321 2787 armatos
335 2725 375 2786 ad
390 2725 555 2786 custodiam
571 2723 713 2802 corporis,
729 2743 803 2801 quos
818 2723 937 2785 Celeres
954 2725 1088 2803 appella·

186 2806 242 2877 vit,
257 2827 318 2866 non
332 2805 364 2866 in
378 2805 460 2866 bello
473 2805 581 2875 solum,
596 2804 648 2864 red
662 2803 755 2864 etiam
768 2803 801 2862 in
815 2823 890 2883 pace
903 2804 1021 2866 habuit.
1119 2873 1121 2882 Ι

226 2885 320 2947 XVI.
362 2884 423 2946 His
444 2884 657 2945 inmortalibus
677 2883 767 2943 editis
787 2884 938 2963 operibus,
959 2904 1028 2945 oum
1049 2884 1088 2945 ad
1123 2899 1140 2948 ,·

187 2966 356 3027 exercitum
383 2965 599 3026 recensendum
634 2963 807 3025 contionem
840 2965 874 3024 in
908 2985 1016 3044 campo
1049 2963 1090 3025 ad

188 3046 307 3126 Caprae
335 3045 478 3124 paludem
507 3045 641 3116 haberet,
669 3041 771 3104 subito
799 3053 902 3106 coorta
928 3053 1090 3124 tempestas
1118 3054 1144 3120 fi

136 3124 174 3186 35
190 3147 258 3187 cum
280 3147 391 3204 magno
412 3126 533 3203 fragore
553 3123 777 3202 tonitribusque
794 3132 858 3184 tam
877 3125 969 3186 denso
988 3145 1089 3203 regem

188 3206 308 3285 operuit
319 3203 432 3277 nimbo,
442 3214 477 3264 ut
486 3212 679 3280 conspectum
689 3203 753 3281 ejus
764 3206 898 3264 contioni
911 3204 1089 3276 abstulerit;
1107 3254 1114 3264 .

188 3304 243 3345 nec
262 3285 372 3344 deinde
392 3285 425 3342 in
445 3283 533 3344 terris
554 3282 704 3343 Romulus
718 3282 787 3342 fuit.
830 3285 970 3344 Romana
985 3283 1089 3362 pubes,

186 3365 291 3425 sedato
312 3363 435 3424 tandem
457 3382 579 3441 pavore,
593 3370 754 3440 postquam
769 3381 807 3420 ex
824 3371 888 3422 tam
902 3363 1025 3423 turbido
1040 3363 1090 3422 die

187 3463 292 3505 serena
313 3452 344 3503 et
365 3440 535 3522 tranquilla
557 3440 614 3500 lux
639 3440 740 3513 rediit,
761 3440 814 3501 ubi
835 3462 965 3505 vacuam
989 3443 1089 3502 sedem
