2572 3790
476 246 610 296 ursas
635 245 661 312 1,
686 228 817 295 41-43.
1100 229 1141 296 01

191 411 271 481 dere,
286 419 381 488 prope
401 405 482 466 diem
502 403 602 484 ipsum
623 423 672 464 cos
685 402 820 475 visuros;
841 401 963 464 interim
984 399 1091 466 Servio

169 476 295 549 *Tullio
318 485 427 566 jubere
450 484 598 564 populum
622 483 705 544 dicto
728 483 901 544 audientem
921 501 1000 555 esse;
1021 502 1091 543 eum

197 571 265 628 'ura
285 566 477 628 redditurum
498 563 712 642 obiturumque
726 563 789 624 alia
803 563 881 642 regis
900 562 1007 622 munia
1019 581 1091 624 esse.

229 648 314 710 rvius
328 666 399 707 cum
412 643 519 704 trabea
532 652 562 703 ct
576 642 734 704 lictoribus
748 643 860 722 prodit,
871 662 917 715 ac,
928 642 997 703 sede
1007 642 1092 722 regia

189 729 306 800 sedens,
319 725 382 787 alia
400 723 546 796 decernit,
561 722 599 783 de
619 722 689 784 aliis
709 722 919 783 consulturum
939 742 971 783 se
990 741 1092 803 regem
1125 723 1145 785 5

190 827 253 868 csse
272 805 407 868 simulat.
449 801 558 882 Itaque
578 822 633 882 per
653 802 772 881 aliquot
791 801 865 877 dies,
881 821 951 863 cum
961 802 1027 883 jam
1040 822 1092 864 ex·

189 889 334 968 spirasset
346 883 540 964 Tarquinius,
556 882 656 944 celata
674 890 780 956 morte,
794 901 849 962 per
869 882 1000 961 speciem
1019 882 1093 944 alie·

190 987 249 1028 nae
262 965 436 1046 fimgendae
448 949 525 1047 dicis
539 982 609 1023 suas
622 981 693 1056 opes
707 961 843 1023 firmavit
851 983 859 1035 ;
881 972 948 1023 tum
968 963 1092 1023 demum

190 1047 296 1128 palam
304 1041 709 1121 factumestconploratrone
719 1042 751 1100 in
761 1042 928 1121 regiaorta.
958 1041 1091 1116 Servius,

190 1126 342 1206 praesidio
355 1125 442 1186 firmo
456 1124 602 1197 munitus,
612 1122 729 1202 primus
743 1122 858 1202 injussu
870 1122 976 1201 populi
984 1121 1092 1184 volun·
1107 1122 1146 1184 10

190 1216 254 1269 tate
278 1215 401 1286 patrum
425 1204 574 1283 regnavit
615 1201 698 1264 Anci
722 1200 812 1263 liberi
828 1203 894 1282 jam
916 1211 991 1276 tum,
1012 1223 1092 1276 cum,

191 1285 365 1366 conprensis
384 1283 504 1345 sceleris
524 1282 680 1357 ministris,
693 1282 799 1346 vivere
818 1303 920 1362 regem
940 1291 971 1344 et
991 1291 1093 1344 tantas

191 1386 254 1428 esse
277 1386 347 1445 opes
369 1363 456 1426 Servi
481 1362 657 1423 nuntiatum
681 1371 736 1438 est,
758 1362 898 1424 Suessam
923 1362 1093 1424 Pometiam

191 1445 352 1507 exulatum
371 1445 478 1504 ierant.
1097 1457 1211 1554 χ

231 1525 339 1586 XLII.
380 1523 447 1584 Nec
462 1524 529 1602 jam
549 1521 682 1601 publicis
703 1523 799 1603 magis
820 1525 954 1585 consiliis
968 1523 1092 1585 Servius
1107 1523 1146 1584 15
1218 1556 1224 1565 -

191 1626 284 1687 quam
304 1604 433 1685 privatis
453 1601 573 1662 munire
593 1621 674 1681 opes,
688 1611 727 1676 et,
741 1623 788 1677 ne,
804 1604 903 1684 qualis
917 1603 999 1665 Anci
1020 1603 1093 1664 libe

190 1706 260 1746 rum
274 1686 394 1746 animus
408 1683 552 1745 adversus
566 1679 769 1762 Tarquinium
782 1684 891 1757 fuerat,
903 1685 973 1746 talis
987 1684 1092 1746 adver-

191 1786 241 1827 sas
263 1785 294 1826 se
315 1763 464 1842 Tarquini
485 1760 616 1823 liberum
638 1771 721 1836 esset,
736 1763 812 1825 duas
833 1764 912 1826 filias
928 1765 1093 1846 juvenibus

191 1845 281 1925 regiis
305 1844 404 1904 Lucio
425 1852 517 1922 atque
537 1842 670 1903 Arrunti
694 1842 868 1922 Tarquiniis
887 1846 1009 1926 jungit3
1037 1866 1093 1907 nec
1160 1823 1205 1878 Ν

191 1926 276 2005 rupit
289 1933 393 1985 tamen
408 1923 465 1984 fati
478 1922 686 1983 necessitatem
701 1922 842 1985 humanis
861 1926 1003 2000 consiliis,
1017 1927 1092 2006 quin
1107 1927 1147 1988 20
1170 1923 1174 1930 ¹

191 2005 311 2067 invidia
334 2003 421 2082 regni
445 2002 538 2064 etiam
563 2002 644 2063 inter
667 2001 845 2066 domesticos
870 2006 965 2067 infida
989 2006 1093 2067 omnia

191 2095 225 2148 at
245 2105 284 2146 ue
297 2083 409 2144 infesta
422 2082 544 2144 faceret

258 2172 461 2244 eropportune
475 2162 515 2222 ad
529 2161 695 2242 praesentis
709 2163 841 2242 quietem
862 2173 959 2228 status
976 2164 1093 2228 bellum

191 2265 262 2306 cum
278 2242 458 2306 Veientibus
480 2242 559 2321 (jam
579 2242 658 2302 enim
680 2243 818 2306 indutiae
838 2247 992 2325 exierant)
1013 2247 1094 2308 aliis·

192 2345 252 2405 quc
270 2323 409 2386 Etruscis
429 2331 594 2400 sumptum.
635 2321 674 2382 In
689 2343 724 2383 eo
740 2324 820 2385 bello
835 2333 866 2386 et
879 2327 977 2388 virtus
990 2336 1021 2388 ct
1035 2327 1094 2388 for·
1107 2327 1147 2388 25

191 2414 269 2466 tuna
283 2403 394 2465 enituit
407 2403 509 2475 Tulli;
528 2401 655 2481 fusoque
669 2403 786 2482 ingenti
801 2404 933 2467 hostium
947 2407 1093 2480 exercitu,

192 2485 270 2546 haut
290 2483 402 2544 dubius
422 2503 486 2556 rex,
500 2501 553 2543 seu
567 2491 690 2562 patrum
705 2503 757 2544 seu
771 2484 869 2564 plebis
886 2486 1003 2547 animos
1017 2487 1094 2566 peri-

193 2565 362 2636 clitaretur,
387 2563 518 2624 Romam
541 2562 643 2624 rediit.
685 2562 937 2645 Adgrediturque
959 2567 1031 2628 inde
1054 2568 1095 2628 ad

192 2645 277 2725 pacis
290 2643 380 2722 longe
394 2642 563 2702 maximum
574 2662 660 2722 opus,
669 2652 713 2717 ut,
723 2645 979 2723 quemadmodum
990 2647 1095 2708 Numa

193 2724 293 2787 divini
313 2731 420 2784 auctor
437 2722 515 2802 juris
537 2722 652 2796 fuisset,
673 2723 718 2784 ita
741 2724 882 2786 Servium
907 2727 1094 2792 conditorem
1108 2727 1147 2788 30

193 2804 292 2865 omnis
319 2803 352 2862 iu
379 2802 504 2863 civitate
531 2803 717 2864 discriminis
743 2805 954 2886 ordinumque,
983 2807 1094 2886 quibus

192 2885 274 2945 inter
284 2882 395 2978 gradus
409 2881 569 3024 ‘flium
583 2882 782 2964 fortunaeque
796 2885 914 2980 aliquid
925 2887 1094 2981 interlucet,

192 2962 425 3104 lubuit
454 2961 844 3123 tttt‘tttltptttj
865 2975 1094 3125 tlttt’r‘to

192 3124 336 3204 pacisque
351 3123 456 3182 munia
470 3142 532 3182 non
545 3121 672 3195 viritim,
687 3132 722 3183 ut
742 3133 823 3198 ante,
836 3125 889 3184 sed
910 3146 965 3204 pro
986 3126 1095 3188 habitu
1108 3125 1149 3189 35

192 3203 392 3284 pecuniarum
407 3203 531 3274 fierent;
545 3210 613 3262 tum
626 3201 730 3263 classis
744 3206 956 3284 centuriasque
969 3216 1000 3266 et
1012 3206 1095 3268 bunc

192 3283 333 3344 ordinem
353 3303 392 3342 ex
413 3300 503 3343 censu
524 3281 693 3362 descripsit,
713 3283 763 3345 vel
787 3284 857 3362 paci
879 3285 1023 3346 decorum
1044 3286 1095 3348 vel

192 3362 360 3504 beQaIII.
402 3441 454 3502 Ex
468 3439 514 3516 iis,
529 3440 582 3520 qui
596 3449 717 3502 centum
730 3439 852 3500 milium
872 3441 950 3500 aeris
966 3448 1020 3501 aut
1034 3459 1095 3500 ma·

1190 2163 1222 2189 N

1240 2198 1249 2212 s.
