2628 3796
463 261 597 311 mnne
623 262 738 332 xx11,
766 249 896 315 51—63.
1111 251 1173 316 195

216 417 348 479 nummis
363 417 561 499 quadrigatis,
575 419 607 480 in
621 420 716 483 socios
731 420 865 496 ducenis,
881 421 913 482 in
934 441 1036 484 servos
1051 442 1119 484 cen·

215 500 303 571 tenis,
317 508 349 558 et
362 508 398 559 ut
412 519 447 560 eo
464 501 564 579 pretio
583 501 736 580 persoluto
758 521 828 562 cum
848 502 976 582 singulis
998 503 1119 565 abirent

215 579 413 651 vestimentis,
435 579 468 639 in
488 589 589 640 castra
609 580 702 642 hostis
722 592 926 660 acceperunt;
954 582 1121 664 traditique

216 658 248 717 in
276 658 447 718 custodiam
474 679 577 720 omnes
604 671 685 732 sunt,
708 681 842 722 seorsum
871 661 952 723 cives
979 664 1050 724 socii
1073 685 1119 727 ue.

216 737 300 798 Dum
321 737 367 799 ibi
387 746 506 818 tempus
527 740 646 813 teritur,
667 741 783 802 interea
803 761 874 802 cum
897 762 936 802 ex
957 745 1064 824 majori
1086 765 1121 808 us
1154 745 1175 807 5

216 817 332 890 castris,
347 817 457 896 quibus
470 819 544 879 satis
559 820 671 881 virium
686 829 716 882 et
730 821 827 882 animi
841 821 909 894 fuit,
923 824 963 884 ad
977 835 1121 918 quattuor

216 897 303 957 milia
324 897 481 958 hominum
503 907 534 959 et
554 898 677 961 ducenti
692 901 817 979 equites,
839 901 895 962 alii
915 924 1046 984 agmrne,
1067 907 1120 966 alii

215 977 314 1057 palati
338 978 451 1056 passim
475 999 530 1058 per
553 999 650 1059 agros,
673 980 755 1059 quod
780 980 865 1042 haud
892 985 993 1047 minus
1019 994 1121 1047 tutum

216 1065 291 1131 erat,
317 1056 483 1118 Canusium
508 1059 720 1138 perfugissent,
744 1071 845 1123 castra
866 1062 931 1144 ipsa
952 1066 991 1127 ab
1011 1067 1121 1128 sauciis

215 1137 393 1216 timidisque
407 1138 512 1198 eadem
528 1139 706 1200 condicione
717 1161 778 1220 qus
792 1143 890 1205 altera
903 1147 1018 1208 tradita
1032 1147 1120 1208 hosti.
1136 1145 1176 1208 10

216 1217 338 1278 Praeda
352 1219 458 1298 ingens
474 1230 563 1298 parta
576 1229 638 1294 est;
653 1231 683 1282 et
696 1231 818 1301 praeter
832 1245 923 1304 equos
936 1227 1077 1306 virosque
1090 1236 1121 1288 at

216 1298 330 1378 siquid
346 1300 465 1378 argenti
481 1300 577 1379 (quod
593 1301 760 1381 plurimum
776 1303 809 1364 in
822 1304 957 1385 phaleris
975 1327 1121 1386 equorum

217 1390 299 1452 erat;
328 1401 400 1440 nam
428 1381 468 1441 nd
496 1383 679 1443 vescendum
711 1384 792 1447 fecto
820 1386 995 1465 perexiguo,
1017 1387 1122 1466 utique

217 1462 396 1533 militantes,
405 1461 586 1537 utebantur)
598 1464 696 1525 omnis
711 1475 811 1526 cetera
824 1465 939 1546 praeda
950 1466 1122 1544 diripienda

216 1543 291 1603 data
316 1552 369 1603 est.
411 1542 490 1603 Turn
514 1543 681 1623 sepeliendi
706 1567 798 1608 cansa
823 1545 953 1607 conferri
973 1545 1006 1605 in
1027 1565 1121 1606 unum
1137 1545 1176 1607 15

217 1644 346 1704 corpora
366 1644 489 1684 suorum
505 1625 598 1705 jussit
606 1647 614 1699 ;
636 1626 676 1686 ad
691 1637 759 1687 octo
773 1627 862 1687 milia
874 1626 966 1687 fuisse
979 1625 1123 1688 dicuntur

217 1704 450 1765 fortissimorum
478 1706 624 1766 virorum.
668 1705 830 1768 Consulem
858 1726 978 1786 qnoque
1012 1705 1123 1767 Roma·

217 1805 292 1847 num
328 1785 539 1865 conquisitum
573 1787 787 1867 sepultumque
820 1787 945 1868 quidam
984 1797 1122 1848 auctores

217 1877 298 1929 sunt.

258 1949 329 2021 Eos,
343 1949 396 2028 qui
411 1948 579 2011 Canusium
601 1947 808 2029 perfugerant,
823 1947 934 2009 mulier
947 1947 1053 2028 Apula
1071 1968 1122 2009 no
1137 1947 1176 2010 20

216 2030 300 2090 mine
314 2028 406 2104 Busa,
417 2049 526 2110 genere
540 2030 625 2090 clara
639 2050 675 2090 ac
691 2030 816 2103 divitiis,
831 2029 987 2089 moenibus
1001 2037 1122 2089 tantum

216 2110 365 2190 tectisque
385 2131 404 2171 a
424 2110 586 2171 Canusinis
608 2118 756 2204 acceptes,
776 2110 939 2183 frumento,
953 2118 1044 2181 veste,
1059 2109 1123 2169 via·

218 2191 278 2252 tico
293 2191 387 2253 etium
402 2191 498 2264 ‘uvit;
513 2211 568 2270 pro
583 2210 645 2270 qua
659 2210 687 2250 er
701 2189 910 2250 munificentia
920 2198 1032 2269 postea,
1041 2187 1121 2250 bello

216 2271 361 2351 perfecto,
375 2213 415 2332 ab
428 2279 535 2333 senatu
550 2271 679 2333 honores
693 2270 792 2331 habiti
808 2278 888 2330 sunt.

257 2351 349 2412 LIII.
391 2351 534 2413 Ceterum
548 2371 619 2413 cum
634 2351 677 2412 ibi
692 2350 811 2412 tribuni
831 2348 965 2411 militum
979 2357 1122 2429 quattuor
1137 2346 1176 2407 25

216 2441 324 2505 essent,
333 2430 448 2494 Fabius
463 2432 620 2494 Maximus
634 2432 673 2493 de
687 2431 806 2511 legione
816 2430 925 2510 prima,
936 2430 1022 2510 cujus
1031 2438 1122 2569 pater

239 2512 319 2573 riore
333 2532 413 2573 anno
428 2513 561 2574 dictator
574 2514 684 2587 fuerat,
700 2522 731 2573 et
745 2511 784 2572 de
797 2510 918 2591 legione
937 2529 1029 2571 secun
1052 2530 1071 2568 a
1085 2509 1120 2570 L

214 2529 378 2654 Publicius
391 2593 522 2655 Bibulus
537 2601 567 2655 et
577 2594 612 2654 P.
623 2591 783 2654 Cornelius
794 2591 906 2671 Scipio,
916 2599 945 2650 et
956 2591 994 2651 de
1004 2589 1122 2670 legione

216 2673 309 2733 tertia
331 2673 393 2754 Ap.
421 2673 570 2735 Claudius
598 2673 742 2746 Pulcher,
767 2672 821 2752 qui
849 2671 988 2752 proxime
1015 2671 1122 2731 aedilis

215 2752 328 2827 fuerat,
343 2753 478 2815 omnium
493 2773 640 2815 consensu
654 2754 694 2814 ad
710 2753 745 2813 P.
761 2752 934 2833 Scipionem
957 2751 1122 2811 admodum
1136 2746 1176 2809 30

216 2833 442 2973 qdluleseentem
469 2843 500 2896 et
527 2834 567 2895 ad
591 2834 652 2914 Ap.
678 2833 844 2895 Claudium
869 2851 989 2894 summa
1013 2831 1121 2911 imperi

238 2922 322 2974 eata
341 2923 394 2975 est.

258 2993 380 3071 Quibus
400 2993 643 3056 consultantibus
664 2994 744 3056 inter
763 3014 877 3074 paucos
892 2992 931 3054 de
945 3011 1063 3054 summa
1078 3011 1121 3052 re·

216 3093 285 3134 rum
307 3074 431 3135 nuntiat
450 3075 485 3136 P.
507 3074 620 3136 Furius
635 3074 753 3148 Philus,
769 3074 937 3136 consularis
952 3073 1012 3135 viri
1032 3072 1120 3144 filius,

217 3154 421 3234 ‘nequiquam
443 3175 492 3215 eos
512 3155 664 3235 perditam
684 3176 768 3235 spem
789 3155 908 3228 fovere;
929 3153 1121 3233 desperatam
1136 3147 1173 3207 35

216 3234 486 3314 conploratamque
505 3256 569 3296 rem
590 3255 652 3296 esse
672 3235 845 3314 publicam:
867 3233 983 3295 nobiles
993 3234 1121 3313 juvenes

216 3313 375 3393 quosdam,
386 3334 515 3393 quorum
528 3315 699 3395 principem
714 3314 750 3374 L.
766 3313 934 3375 Caecilium
949 3311 1120 3380 Metellum,

216 3414 302 3454 mare
322 3414 359 3454 ac
380 3413 472 3456 naves
493 3404 637 3473 spectare,
653 3403 688 3453 ut
704 3393 823 3453 deserta
840 3392 934 3452 Italia
955 3389 993 3448 ad
1015 3405 1120 3462 regum

216 3474 352 3552 aliquem
375 3473 601 3553 transfugiant!
644 3470 736 3549 Quod
759 3470 883 3542 malum,
908 3473 1121 3545 praeterquam
