2616 3790
129 203 191 268 106
295 217 387 264 τιτι
412 216 510 265 nrvr
537 216 592 264 Aa
618 215 734 266 vana
763 213 956 263 oonnrrn

182 381 302 455 possent
326 380 475 444 curantes,
499 372 622 451 raptim,
649 369 760 450 quibus
786 390 818 431 se
844 390 958 449 suaque
984 378 1084 430 trans·

181 455 336 524 veherent,
357 451 519 512 faciebant.

222 532 368 595 XXVII.
410 531 542 610 Jamque
569 530 709 592 omnibus
736 530 809 591 satis
837 529 1010 608 conparatis
1042 529 1084 589 ad

182 613 395 686 traiciendum,
423 611 578 672 terrebant
604 631 643 670 ex
671 609 799 672 adverso
825 609 934 682 hostes,
961 629 1085 669 omnem

149 698 169 757 5
183 696 282 773 ripam
302 692 417 772 equites
430 691 550 769 virique
571 689 757 762 obtinentes;
778 710 852 768 quos
869 697 905 748 ut
922 698 1085 761 averteret,

182 773 368 835 Hannonem
396 768 577 832 Bomilcaris
605 769 703 830 filium
727 769 836 848 vigilia
862 769 961 848 prima
985 769 1086 829 noctis

183 874 254 914 cum
287 861 374 932 parte
408 851 575 930 copiarum,
601 850 736 910 maxime
769 848 927 928 Hispanis,
954 848 1086 908 adverso

182 932 308 994 flumine
335 933 379 992 ire
405 931 464 992 iter
491 930 581 991 unius
608 929 670 990 diei
692 928 791 1008 jubet,
811 939 851 1002 et,
872 927 926 988 ubi
948 929 1086 1006 primum

183 1014 285 1092 possit,
313 1032 405 1091 quam
438 1010 642 1072 occultissime
674 1010 801 1088 trajecto
835 1007 929 1080 amni,
957 1007 1086 1067 circum·

131 1093 294 1160 reducere
313 1112 432 1172 agmen,
449 1100 493 1164 ut,
511 1111 581 1151 cum
603 1110 678 1168 opus
698 1089 781 1149 facto
800 1087 850 1160 sit,
864 1087 1023 1148 adoriatur
1043 1086 1086 1147 ab

183 1181 267 1250 tergo
281 1172 406 1232 hostem.
447 1170 499 1230 Ad
515 1171 547 1230 id
562 1170 626 1231 dati
646 1169 738 1230 duces
757 1167 844 1230 Galli
861 1167 996 1241 edocent,
1011 1166 1086 1226 inde

182 1252 270 1312 milia
284 1252 418 1331 quinque
432 1259 462 1311 et
476 1251 587 1330 viginti
607 1249 702 1310 ferme
721 1268 814 1328 supra
855 1267 948 1308 arvae
965 1245 1087 1307 insulae

183 1331 400 1392 circumfusum
420 1351 541 1390 amnem
562 1330 679 1405 latiore,
693 1328 748 1390 ubi
769 1269 974 1399 dividebatur,
988 1346 1086 1418 eoque

183 1413 283 1472 minus
307 1411 371 1472 alto
394 1409 482 1472 alveo
506 1411 669 1471 transitum
694 1407 858 1471 ostendere.
900 1406 950 1467 Ibi
971 1416 1086 1485 raptrm

130 1495 170 1557 15
183 1511 271 1552 caesa
297 1491 425 1552 materia
452 1499 591 1569 ratesque
615 1489 791 1564 fabricatae,
816 1488 849 1548 in
877 1487 987 1566 quibus
1013 1487 1086 1564 eqni
1170 1521 1181 1534 ι

182 1572 303 1651 virique
329 1580 360 1632 ct
386 1570 450 1632 alia
475 1589 569 1631 onera
596 1571 807 1631 traicerentur.
859 1565 994 1646 Hispani
1019 1566 1087 1626 sine

183 1650 250 1711 ulla
270 1651 357 1724 mole,
372 1651 405 1710 in
425 1658 507 1711 utres
521 1651 709 1712 vestimentis
729 1649 882 1730 conjectis,
896 1648 954 1728 ipsi
976 1646 1087 1708 caetris

182 1731 377 1810 superpositis
397 1728 577 1790 incubantes
596 1730 709 1791 flumen
731 1738 900 1792 tranavere.
942 1727 986 1788 Et
1005 1726 1087 1787 alius

182 1811 335 1872 exercitus
368 1809 485 1870 ratibus
515 1810 631 1889 junctis
665 1812 820 1891 trajectus,
850 1809 956 1871 castris
989 1829 1086 1890 prope

129 1895 169 1957 20
183 1891 297 1951 flumen
317 1891 430 1970 positis,
450 1898 600 1950 nocturno
620 1891 729 1952 itinere
749 1899 841 1970 atque
861 1891 960 1971 operis
980 1889 1087 1952 labore

182 1972 276 2032 fessus
290 1971 390 2049 quiete
404 1970 494 2030 unius
509 1969 570 2030 diei
584 1969 728 2045 reficitur,
740 1971 857 2033 intento
872 1971 949 2032 duce
962 1971 1002 2032 ad
1017 1991 1087 2032 con·

181 2051 285 2113 silium
298 2059 467 2130 opportune
481 2049 715 2128 exsequendum.
757 2051 882 2113 Postero
893 2051 943 2112 die
957 2051 1087 2131 profecti

181 2151 222 2193 ex
235 2131 302 2191 loco
316 2131 398 2190 edito
411 2129 497 2190 fumo
510 2129 684 2208 significant
702 2131 846 2192 transisse
879 2151 909 2192 ae
941 2142 972 2194 et
1000 2131 1087 2192 haud

182 2210 289 2291 procul
309 2210 429 2282 abesse3
450 2208 532 2288 quod
553 2209 607 2268 ubi
627 2230 699 2271 acce
720 2211 746 2272 it
766 2211 938 2285 Hannibal,
952 2232 992 2272 ne
1011 2221 1087 2273 tem·

129 2295 168 2358 25
181 2291 249 2371 pori
282 2290 406 2363 deesset,
433 2289 488 2350 dat
521 2289 645 2368 signum
676 2231 719 2351 ad
744 2292 957 2352 traiciendum
1011 2291 1087 2354 Jam

181 2379 305 2452 paratas
324 2378 505 2449 aptatasque
525 2368 660 2431 habebat
679 2371 769 2450 pedes
788 2371 905 2445 lintres,
919 2392 1009 2451 eques
1023 2373 1087 2434 fere

180 2462 305 2533 propter
324 2470 415 2529 equos
436 2469 538 2511 naves.
579 2450 717 2513 Navium
741 2471 851 2531 agmen
872 2453 912 2512 ad
933 2453 1087 2531 excipien-

182 2533 255 2592 dum
270 2530 390 2593 adversi
404 2530 552 2608 impetum
568 2531 702 2592 fluminis
716 2542 804 2611 parte
823 2552 859 2591 su
897 2531 976 2592 riore
989 2541 1087 2594 trans·

182 2612 313 2685 mittens,
327 2610 585 2689 tranquillitatem
607 2611 690 2672 infra
710 2552 920 2673 traicientibirs
941 2611 1087 2672 lintribus

129 2695 168 2756 30
182 2690 355 2772 praebebat
406 2689 567 2770 Equorum
594 2711 665 2770 pars
693 2711 806 2771 magna
832 2700 940 2752 nantes
967 2691 1040 2752 loris
1067 2712 1088 2752 a

182 2770 335 2852 puppibus
362 2769 573 2845 trahebantur,
602 2780 722 2851 praeter
749 2789 806 2845 eos,
835 2791 909 2850 quos
943 2771 1088 2833 instratos

181 2852 383 2929 frenatosque,
397 2859 432 2910 ut
446 2851 601 2930 extemplo
614 2871 731 2930 egresso
745 2852 779 2911 in
793 2850 893 2930 ripam
907 2851 1003 2930 equiti
1018 2851 1088 2912 usui

182 2940 287 3004 essent,
302 2931 499 3010 inposuerant
512 2931 546 2990 in
558 2951 661 2992 naves.

222 3010 387 3072 XXVHL
429 3011 516 3072 Galli
548 3018 709 3072 occursant
737 3011 769 3071 in
796 3010 866 3091 ripa
893 3031 964 3071 cum
990 3011 1088 3073 variis

129 3095 167 3156 35
182 3089 352 3152 ululatibus
367 3098 519 3169 cantuque
534 3090 695 3164 moriseni,
711 3091 881 3170 quatientes
894 3099 983 3152 scuta
995 3111 1089 3170 snper

182 3171 285 3249 capita
305 3169 521 3247 vibrantesque
542 3168 676 3230 dexteris
695 3170 769 3244 tela,
790 3191 975 3250 quamquam
995 3180 1027 3232 et
1048 3191 1089 3231 ex

182 3250 309 3309 adverso
323 3248 458 3307 terrebat
471 3256 559 3307 tanta
572 3248 618 3308 vis
637 3249 764 3310 navium
783 3270 853 3310 oum
874 3249 992 3328 ingenti
1012 3270 1088 3310 sono

182 3327 318 3386 fluminis
339 3334 369 3385 et
389 3325 521 3384 clamore
541 3326 628 3387 vario
648 3337 814 3388 nautarum
835 3329 1040 3408 militumque,
1056 3339 1088 3390 et

183 3406 238 3484 qui
257 3403 435 3466 nitebantur
454 3423 649 3482 perrumpere
669 3407 817 3486 impetum
838 3407 974 3469 fluminis
988 3418 1019 3470 et
1033 3409 1088 3488 qui
