2616 3790
95 273 97 278 ,
135 229 199 292 100
305 243 395 290 r1r1
421 242 519 290 nrvr
543 240 598 288 As
624 241 741 290 vanu
769 239 960 288 conum

184 399 291 480 populi
314 397 447 460 Romani
466 417 503 458 ac
524 396 766 477 magnitudinem
784 396 914 477 imperii,
928 397 1082 477 petissent,

184 501 222 541 ns
238 481 338 542 Poeno
353 478 469 540 bellum
484 477 594 538 Italiae
608 477 751 537 inferenti
765 497 819 556 per
832 497 920 556 agros
934 477 1084 556 urbesque

183 581 252 621 suas
280 559 444 619 transitum
472 557 591 631 darent,
618 565 722 617 tantus
750 577 820 617 cum
847 558 971 617 fremitu
1006 558 1084 617 risus

124 709 125 712 Ἴ
184 641 297 702 dicitur
316 648 410 713 ortus,
430 647 466 699 ut
486 638 542 700 vix
563 657 583 698 a
603 637 832 716 magistratibus
859 636 1085 716 majoribusque

151 719 259 782 bnatu
280 721 421 782 'uventus
446 718 620 790 sedaretur;
648 717 724 778 adeo
743 715 855 777 stolida
875 717 1086 796 inpudensque

182 741 346 880 postulatio
367 799 434 861 visa
454 807 508 872 est,
523 817 651 871 censere,
672 817 710 857 ne
731 797 765 856 in
786 795 911 858 Italiam
930 798 1085 870 transmit·

182 890 251 942 tant
271 879 356 941 Galli
376 878 503 950 bellum,
518 878 597 956 ipsos
618 877 651 937 id
672 887 809 939 avertere
828 876 861 937 iu
881 898 922 952 se,
936 898 1085 958 agrosque

182 979 251 1020 suos
264 981 319 1039 pro
334 959 440 1020 alienis
456 957 647 1038 populandos
661 957 788 1019 obicere
828 957 941 1020 Sedato
959 958 1084 1019 tandem

182 1040 315 1112 fremitu,
328 1058 505 1118 responsum
521 1038 629 1116 legatis
643 1047 696 1112 est,
711 1058 810 1118 neque
825 1037 1036 1099 Romanorum
1049 1038 1084 1098 iu

130 1117 168 1180 10
182 1140 213 1180 se
225 1120 367 1180 meritum
381 1139 443 1179 esse
457 1138 554 1196 neque
568 1117 866 1198 Carthaginiensium
881 1119 1034 1198 iujuriam,
1043 1117 1084 1178 ob

182 1219 259 1278 quae
280 1207 334 1259 aut
354 1219 410 1278 pro
431 1197 579 1258 Romanis
598 1206 653 1258 aut
673 1198 817 1260 adversus
831 1199 948 1259 Poenos
961 1206 1085 1259 sumant

181 1299 284 1352 arma;
312 1287 419 1339 contra
442 1298 480 1338 ea
501 1277 610 1340 audire
633 1299 705 1352 sese,
730 1279 828 1358 gentis
851 1299 923 1338 suae
945 1277 1084 1339 homiues

182 1379 255 1438 agro
266 1358 435 1438 finibusque
446 1357 558 1418 Italiae
568 1357 643 1438 pelli
658 1378 678 1420 a
691 1358 806 1438 populo
820 1359 959 1419 Romano
972 1359 1085 1438 stipen-

182 1439 325 1518 diumque
352 1439 484 1518 pendere
512 1445 543 1498 et
571 1447 672 1499 cetera
699 1439 827 1518 indigna
848 1439 921 1518 pati.
964 1437 1084 1498 Eadem

128 1519 167 1580 15
181 1519 274 1579 ferme
295 1519 328 1578 in
350 1518 456 1579 ceteris
479 1516 602 1580 Galliae
625 1518 761 1579 conciliis
789 1519 873 1578 dicta
899 1517 1083 1597 auditaque;

180 1619 237 1660 neo
251 1597 401 1678 hospitale
415 1597 580 1676 quicquam
597 1607 781 1676 pacatumve
800 1599 874 1659 satis
893 1599 978 1677 prius
998 1598 1084 1657 audi·

180 1689 247 1739 tum
269 1699 362 1756 quam
387 1677 557 1738 Massiliam
579 1698 697 1740 venere.
739 1677 790 1738 Ibi
811 1680 914 1740 emnia
934 1677 974 1738 ab
993 1677 1084 1738 sociis

181 1758 326 1837 inquisita
348 1778 418 1818 cum
439 1777 513 1817 cura
540 1777 577 1818 ae
598 1757 658 1818 fide
678 1758 818 1838 cognita:
846 1767 1084 1838 praeoccupatos

182 1839 248 1918 jam
268 1847 340 1898 aute
360 1837 401 1898 ab
422 1835 603 1897 Hannibale
617 1836 780 1899 Gallorum
797 1838 914 1899 animos
930 1858 1009 1910 esse;
1029 1837 1083 1898 sed

127 1920 166 1982 20
181 1938 219 1978 ne
241 1917 288 1978 illi
311 1917 435 1996 quidem
458 1917 516 1994 ipsi
538 1917 612 1977 satis
636 1916 742 1978 mitem
765 1927 887 1997 gentem
907 1918 971 1978 fore
992 1917 1083 1991 (adeo

180 1998 294 2058 ferocia
307 2007 400 2077 atque
413 1997 563 2056 indomita
577 1997 702 2076 ingenia
709 2003 797 2077 esse),
808 1997 842 2057 ui
854 1997 983 2058 subinde
997 2017 1083 2072 auro,

181 2079 267 2158 cujus
286 2077 466 2139 avidissima
486 2095 559 2156 gens
581 2084 635 2150 est,
649 2076 824 2158 principum
844 2077 941 2138 animi
960 2077 1083 2138 concili·

180 2167 278 2219 entur.
321 2157 372 2217 Ita
391 2157 562 2235 peragratis
582 2155 754 2236 Hispaniae
770 2166 801 2218 et
815 2157 938 2218 Galliae
951 2157 1082 2236 populis,

180 2237 274 2318 legati
299 2237 431 2298 Romam
454 2237 594 2310 redeunt,
613 2235 698 2297 haud
718 2237 763 2298 ita
783 2237 880 2298 multo
901 2247 1083 2317 postquam

99 2341 101 2346 ·
126 2319 167 2380 25
181 2318 318 2379 consules
346 2317 379 2377 in
406 2316 581 2396 provincias
608 2316 737 2396 profecti
764 2326 861 2378 erant.
915 2317 1082 2380 Civitatem

180 2419 301 2458 omnem
322 2397 534 2476 expectatione
554 2396 629 2456 belli
649 2407 782 2458 erectam
802 2397 993 2471 invenerunt,
1008 2399 1083 2460 satis

180 2487 336 2538 constante
349 2477 433 2537 fama
442 2477 509 2556 jam
523 2475 676 2536 Hiberum
690 2477 807 2538 Poenos
821 2477 992 2538 tramisisse

220 2558 315 2619 XXI.
357 2556 520 2616 Hannibal
534 2556 671 2636 Sagunto
685 2566 774 2636 capto
788 2557 1006 2638 Carthaginem
1019 2557 1082 2618 No·

179 2657 252 2700 vam
265 2639 298 2697 in
313 2636 442 2697 hiberna
455 2645 650 2711 concesserat,
665 2636 769 2716 ibique
789 2638 902 2698 auditis
922 2658 1001 2717 quae
1021 2639 1083 2714 Ro-

125 2719 166 2782 30
178 2739 248 2778 mae
273 2737 411 2797 quaeque
439 2713 626 2795 Carthagine
659 2725 730 2777 acta
763 2716 944 2796 decretaque
971 2717 1081 2792 forent,

178 2818 270 2877 seque
282 2817 346 2857 non
361 2797 471 2857 ducem
490 2797 589 2857 solum
610 2795 770 2858 sedetiam
784 2817 907 2857 causam
921 2817 984 2858 esse
997 2798 1081 2872 belli,

178 2878 299 2957 partitis
324 2875 490 2937 divenditis
512 2897 550 2936 ue
572 2876 710 2957 reliquiis
734 2878 875 2956 praedae,
895 2877 975 2937 nihil
997 2877 1082 2940 ultra

178 2957 380 3018 differendum
393 2966 487 3030 ratus,
537 2957 637 3038 ispani
650 2959 769 3036 generis
789 2957 902 3018 milites
922 2967 1080 3020 convocat.

179 3037 304 3098 “Credo
330 3057 385 3116 ego
403 3036 487 3109 vos,'’
514 3037 623 3117 inquit,
650 3037 759 3112 “socii
784 3047 814 3099 et
842 3038 921 3117 ipsos
949 3058 1081 3112 cernere,

124 3118 163 3178 35
177 3117 295 3196 pacatis
320 3115 460 3177 omnibus
485 3116 656 3194 Hispaniae
677 3118 810 3256 populis,
835 3126 890 3178 aut
913 3116 1081 3180 finiendam

177 3195 264 3256 nobis
285 3196 429 3256 militiam
450 3195 661 3274 exercitusque
699 3197 874 3258 imittendos
893 3218 964 3270 esse,
979 3199 1081 3258 autin

177 3274 253 3334 alias
279 3282 376 3334 terras
403 3273 647 3334 transferendum
675 3275 809 3350 bellum;
840 3277 885 3337 ita
913 3278 994 3336 enim
1022 3277 1081 3338 hae

176 3362 280 3431 gentes
303 3373 365 3412 non
388 3353 471 3431 pacis
499 3351 597 3412 solum
624 3353 676 3413 sed
700 3357 793 3417 etiam
817 3357 965 3418 victoriae
990 3357 1080 3419 bonis

176 3433 337 3504 florebunt,
361 3431 386 3491 si
411 3451 451 3490 ex
478 3430 547 3490 aliis
567 3433 708 3510 gentibus
728 3437 875 3513 praedam
896 3445 927 3497 et
946 3435 1078 3516 gloriam
