2572 3790
143 219 189 284 40
314 232 403 279 rrrr
430 231 527 280 nrvr
553 230 608 277 sn
634 229 749 280 vass
777 227 968 276 eornm

196 392 322 470 hujusce
336 410 397 450 esse
411 388 485 449 belli
499 387 618 448 audisse
632 387 746 459 videor,
756 407 812 446 nec
826 394 856 446 te
870 385 987 459 dubito,
996 386 1095 464 Tulle,

197 471 301 532 eadem
322 491 395 549 prae
415 478 446 530 te
466 467 559 528 ferre:
580 468 635 528 sed
655 467 682 526 si
695 488 768 528 vera
784 467 885 545 potius
901 487 993 544 quam
1008 467 1096 528 dictu

196 552 330 632 speciosa
350 548 480 610 dicenda
499 557 579 621 sunt,
594 547 705 627 cupido
719 546 840 626 imperii
858 545 933 606 duos
952 557 1096 626 cognatos

195 632 372 712 vicinosque
391 628 519 709 populos
539 627 579 688 ad
600 648 687 688 arma
706 625 853 687 stimulat.
895 625 1002 704 Neque
1016 616 1122 722 recte)

163 711 182 771 5
196 733 236 773 an
328 731 412 772 eram
429 711 628 790 interpretor;
650 707 744 768 fuerit
757 706 816 766 ista
828 707 893 785 ejus
907 705 1109 780 deliberati0,

197 793 250 872 qui
282 793 310 852 el
323 790 524 871 umsuscepit.
559 787 613 850 Me
623 786 740 848 Albani
751 786 883 866 gerendo
894 785 976 846 bello
987 786 1096 847 ducem
1095 807 1147 893 j

196 893 344 934 creavere.
387 871 471 932 Illud
492 880 532 943 te,
551 868 650 941 Tulle,
668 867 818 928 monitum
832 865 943 928 velim:
965 867 1097 927 Etrusca

196 974 242 1014 res
260 962 375 1032 quanta
396 953 478 1013 circa
498 972 561 1024 nos,
576 959 665 1029 teque
679 949 822 1020 maxime,
836 947 885 1020 sit,
900 968 961 1026 quo
974 948 1097 1026 propior

196 1053 226 1093 es
247 1033 362 1106 Tuscis,
379 1033 438 1093 hcc
458 1033 556 1112 magis
576 1031 643 1092 scis.
684 1028 820 1091 Multum
835 1027 883 1088 illi
898 1037 989 1101 terra,
1002 1027 1097 1107 pluri-

143 1112 182 1173 10
195 1133 278 1173 mum
300 1114 378 1172 mari
399 1113 521 1189 pollent.
564 1111 684 1172 Memor
703 1119 776 1182 esto,
792 1110 859 1189 jam
883 1129 954 1169 cum
975 1109 1097 1187 signum

195 1213 316 1273 pugnae
330 1192 426 1266 dabis,
435 1194 490 1254 has
505 1193 581 1254 duas
595 1193 675 1254 acies
687 1190 861 1272 spectaculo
875 1189 948 1262 fore,
957 1198 993 1250 ut
1006 1189 1097 1250 fessos

195 1273 405 1352 confectosque
417 1273 508 1334 simul
523 1273 672 1335 victorem
685 1293 722 1334 ac
736 1272 852 1334 victum
868 1270 1096 1350 adgrediuntur.

195 1352 305 1433 Itaque
318 1353 344 1412 si
357 1373 411 1414 nos
425 1353 457 1414 di
472 1362 587 1426 amant,
603 1354 748 1432 quoniam
769 1373 831 1414 non
852 1351 987 1412 contenti
1007 1350 1097 1411 liber·

194 1442 259 1494 tate
272 1442 355 1494 certa
369 1434 401 1492 in
416 1433 542 1494 dubiam
557 1433 676 1514 imperii
690 1432 867 1511 servitiique
887 1431 987 1492 aleam
1008 1432 1096 1504 imus,

141 1509 181 1572 15
194 1514 331 1575 ineamus
349 1513 485 1592 aliquam
499 1515 592 1587 viam,
607 1534 678 1593 qua,
691 1512 754 1574 utri
768 1513 845 1573 utris
859 1511 1019 1592 imperent,
1032 1512 1097 1572 sine

193 1614 306 1672 magna
326 1593 423 1665 clade,
439 1594 505 1654 sine
525 1594 623 1655 multo
643 1593 791 1672 sanguine
811 1593 970 1672 utriusque
990 1591 1097 1671 populi

194 1673 315 1733 decerni
343 1674 466 1754 possit.’'
508 1672 606 1735 Haud
635 1673 776 1753 displicet
799 1693 846 1733 res
870 1671 972 1745 Tullo,
992 1691 1097 1750 quam·

193 1773 285 1832 quam
311 1774 380 1814 cum
404 1753 507 1815 indole
532 1754 627 1815 animi
648 1764 715 1815 tum
734 1773 787 1833 spe
801 1753 949 1815 victoriae
969 1751 1097 1812 ferocior

193 1841 267 1894 erat
310 1833 535 1910 Quaerentibus
562 1836 718 1914 utrimque
748 1833 827 1894 ratio
855 1833 960 1906 initur,
987 1833 1039 1893 cui
1065 1839 1097 1894 et

140 1915 180 1977 20
193 1913 317 1974 fortuna
337 1914 403 1994 ipsa
424 1915 566 1993 praebuit
586 1916 754 1977 materiam.

233 1993 362 2056 XXIV.
404 1995 498 2056 Forte
517 1996 550 2055 in
571 1995 689 2056 duobus
711 2004 777 2056 tum
801 1993 986 2055 exercitibus
1009 2002 1096 2054 erant

194 2074 349 2154 trigemini
376 2075 494 2149 fratres,
517 2096 574 2138 nce
601 2084 701 2136 aetate
724 2095 781 2136 nee
802 2075 919 2137 viribus
943 2074 1095 2153 dispares:

193 2153 341 2216 Horatios
355 2155 567 2235 Curiatiosque
587 2155 680 2217 fuisse
698 2156 772 2217 satis
789 2163 916 2228 constat,
931 2175 988 2215 nec
1002 2154 1097 2214 ferme

193 2253 240 2295 res
260 2235 388 2315 antiqua
408 2236 470 2297 alia
489 2246 534 2297 est
552 2236 703 2309 nobilior;
723 2246 825 2296 tamen
840 2235 873 2294 in
888 2255 920 2295 re
934 2244 999 2296 tam
1013 2233 1097 2295 clara

140 2317 180 2379 25
193 2315 351 2376 nominum
372 2338 456 2380 error
475 2325 588 2391 manet,
604 2317 701 2377 utrius
719 2314 827 2395 populi
848 2313 983 2388 Horatii,
997 2314 1096 2375 utrius

193 2394 325 2457 Curiatii
338 2397 462 2458 fuerint.
505 2397 657 2459 Auctores
676 2405 806 2474 utroque
826 2395 971 2455 trahunt:
993 2394 1096 2474 plures

192 2483 296 2536 tamen
316 2477 449 2551 invenio,
470 2478 524 2557 qui
545 2478 700 2539 Romanos
723 2474 872 2536 Horatios
894 2485 1019 2547 vocent;
1040 2475 1096 2535 hos

194 2565 229 2616 ut
242 2577 359 2636 sequar,
374 2558 504 2620 inclinat
518 2559 647 2620 animus.

234 2635 312 2697 Cum
336 2639 503 2718 trigeminis
530 2648 627 2718 agunt
646 2658 740 2716 reges,
758 2645 795 2698 ut
814 2657 869 2716 pro
893 2655 949 2696 sua
969 2635 1096 2714 quisque

140 2717 180 2779 30
194 2717 295 2794 patria
316 2718 462 2779 dimicent
483 2719 579 2780 ferro:
602 2719 646 2779 ibi
666 2718 829 2797 imperium
850 2717 924 2791 fore,
939 2716 1021 2776 unde
1034 2717 1096 2777 vic-

193 2797 273 2856 toria
287 2797 388 2859 suerit.
431 2799 520 2860 Nihil
536 2811 710 2871 recusatum
731 2807 850 2876 tempus
871 2806 902 2857 et
914 2795 1007 2857 locus
1028 2817 1096 2856 con-

194 2877 287 2939 venit.
329 2878 513 2958 Priusquam
544 2879 735 2952 dimicarent,
759 2877 864 2938 foedus
891 2877 989 2936 ictum
1016 2877 1096 2935 inter

194 2956 348 3019 Romanos
368 2967 400 3020 et
413 2958 553 3020 Albanos
567 2968 612 3020 est
625 2958 673 3018 his
687 2957 814 3037 legibus,
829 2965 874 3030 ut,
889 2957 975 3035 cujus
989 2955 1096 3035 populi

194 3037 275 3098 cives
299 3059 334 3100 eo
357 3040 524 3100 certamine
544 3039 696 3112 vicissent,
720 3039 746 3098 is
770 3036 862 3098 alteri
885 3035 1001 3117 populo
1025 3056 1096 3096 cum

140 3118 181 3180 35
194 3116 275 3178 bona
288 3139 364 3198 pace
376 3119 572 3197 imperitaret.

234 3197 372 3258 Foedera
393 3199 457 3258 alia
480 3199 549 3258 aliis
572 3198 700 3276 legibue,
721 3206 856 3259 ceterum
879 3197 984 3258 eodem
1004 3195 1095 3256 modo

194 3277 296 3337 omnia
310 3277 395 3338 fiunt
437 3276 516 3337 Tum
537 3279 583 3338 ita
603 3279 718 3338 factum
736 3278 917 3356 accepimus,
931 3297 986 3337 nec
1001 3276 1095 3336 ullius

194 3357 342 3418 vetustior
352 3356 481 3417 foederis
491 3359 636 3418 memoria
650 3367 711 3418 est:
726 3358 838 3418 fetialis
852 3377 953 3436 regem
968 3356 1095 3416 Tullum

195 3434 240 3495 ita
266 3437 403 3514 rogavit:
426 3441 443 3467 “
448 3435 576 3525 jubesne
603 3457 660 3509 me,
681 3457 745 3511 rex,
767 3457 838 3498 cum
861 3446 949 3515 patre
972 3443 1094 3516 patrate
