<?xml version="1.0" encoding="UTF-8"?>
<!DOCTYPE html PUBLIC "-//W3C//DTD XHTML 1.0 Transitional//EN"
    "http://www.w3.org/TR/xhtml1/DTD/xhtml1-transitional.dtd">
<html xmlns="http://www.w3.org/1999/xhtml" xml:lang="en" lang="en">
 <head>
  <title>
</title>
<meta http-equiv="Content-Type" content="text/html;charset=utf-8" />
  <meta name='ocr-system' content='tesseract 3.04.00' />
  <meta name='ocr-capabilities' content='ocr_page ocr_carea ocr_par ocr_line ocrx_word'/>
</head>
<body>
  <div class='ocr_page' id='page_1' title='image "./historieslivybo00chasgoog_0186.png"; bbox 0 0 2616 3790; ppageno 0'>
   <div class='ocr_carea' id='block_1_1' title="bbox 448 247 1162 332">
    <p class='ocr_par' dir='ltr' id='par_1_1' title="bbox 448 247 1162 332">
     <span class='ocr_line' id='line_1_1' title="bbox 448 247 1162 332; baseline 0 -20"><span class='ocrx_word' id='word_1_1' title='bbox 448 265 582 312; x_wconf 73' lang='lat' dir='ltr'>arnna</span> <span class='ocrx_word' id='word_1_2' title='bbox 607 265 720 332; x_wconf 86' lang='lat' dir='ltr'>xxn,</span> <span class='ocrx_word' id='word_1_3' title='bbox 747 248 878 314; x_wconf 74' lang='lat' dir='ltr'>{ts-36.</span> <span class='ocrx_word' id='word_1_4' title='bbox 1099 247 1162 312; x_wconf 79' lang='lat'>179</span> 
     </span>
    </p>
   </div>
   <div class='ocr_carea' id='block_1_2' title="bbox 211 421 1166 1044">
    <p class='ocr_par' dir='ltr' id='par_1_2' title="bbox 211 421 1166 1044">
     <span class='ocr_line' id='line_1_2' title="bbox 211 421 1109 502; baseline -0.002 -17"><span class='ocrx_word' id='word_1_5' title='bbox 211 423 362 497; x_wconf 87' lang='lat' dir='ltr'>nobilitas,</span> <span class='ocrx_word' id='word_1_6' title='bbox 377 442 486 502; x_wconf 90' lang='lat' dir='ltr'>parum</span> <span class='ocrx_word' id='word_1_7' title='bbox 500 421 591 483; x_wconf 85' lang='lat' dir='ltr'>fuisse</span> <span class='ocrx_word' id='word_1_8' title='bbox 604 421 716 484; x_wconf 86' lang='lat' dir='ltr'>virium</span> <span class='ocrx_word' id='word_1_9' title='bbox 731 421 763 481; x_wconf 92' lang='lat' dir='ltr'>in</span> <span class='ocrx_word' id='word_1_10' title='bbox 779 442 833 483; x_wconf 91' lang='lat' dir='ltr'>con</span> <span class='ocrx_word' id='word_1_11' title='bbox 858 421 1015 483; x_wconf 90' lang='lat' dir='ltr'>etitoribus</span> <span class='ocrx_word' id='word_1_12' title='bbox 1036 422 1109 502; x_wconf 86' lang='lat' dir='ltr'>ejus,</span> 
     </span>
     <span class='ocr_line' id='line_1_3' title="bbox 211 502 1110 584; baseline -0.003 -19"><span class='ocrx_word' id='word_1_13' title='bbox 211 506 247 566; x_wconf 89' lang='lat' dir='ltr'>L.</span> <span class='ocrx_word' id='word_1_14' title='bbox 274 503 443 564; x_wconf 87' lang='lat' dir='ltr'>Aemilium</span> <span class='ocrx_word' id='word_1_15' title='bbox 472 502 614 584; x_wconf 77' lang='lat' dir='ltr'>l&#39;aulum,</span> <span class='ocrx_word' id='word_1_16' title='bbox 637 503 691 581; x_wconf 92' lang='lat' dir='ltr'>qui</span> <span class='ocrx_word' id='word_1_17' title='bbox 719 522 790 562; x_wconf 92' lang='lat' dir='ltr'>cum</span> <span class='ocrx_word' id='word_1_18' title='bbox 853 549 859 562; x_wconf 95' lang='lat'><em>.</em></span> <span class='ocrx_word' id='word_1_19' title='bbox 885 502 977 564; x_wconf 88' lang='lat' dir='ltr'>Livio</span> <span class='ocrx_word' id='word_1_20' title='bbox 1004 502 1110 563; x_wconf 91' lang='lat' dir='ltr'>consul</span> 
     </span>
     <span class='ocr_line' id='line_1_4' title="bbox 211 581 1111 661; baseline -0.002 -17"><span class='ocrx_word' id='word_1_21' title='bbox 211 586 311 644; x_wconf 82' lang='lat' dir='ltr'>suerat</span> <span class='ocrx_word' id='word_1_22' title='bbox 324 592 355 644; x_wconf 92' lang='lat' dir='ltr'>et</span> <span class='ocrx_word' id='word_1_23' title='bbox 368 583 564 643; x_wconf 78' lang='lat' dir='ltr'><strong>damnatione</strong></span> <span class='ocrx_word' id='word_1_24' title='bbox 578 581 722 660; x_wconf 76' lang='lat' dir='ltr'>conlegae</span> <span class='ocrx_word' id='word_1_25' title='bbox 736 590 766 642; x_wconf 94' lang='lat' dir='ltr'>et</span> <span class='ocrx_word' id='word_1_26' title='bbox 778 601 834 642; x_wconf 92' lang='lat' dir='ltr'>sua</span> <span class='ocrx_word' id='word_1_27' title='bbox 848 602 942 661; x_wconf 85' lang='lat' dir='ltr'>prope</span> <span class='ocrx_word' id='word_1_28' title='bbox 955 581 1111 643; x_wconf 91' lang='lat' dir='ltr'>ambustus</span> 
     </span>
     <span class='ocr_line' id='line_1_5' title="bbox 211 660 1109 741; baseline -0.004 -14"><span class='ocrx_word' id='word_1_29' title='bbox 211 673 357 737; x_wconf 85' lang='lat' dir='ltr'>evaserat,</span> <span class='ocrx_word' id='word_1_30' title='bbox 370 663 515 726; x_wconf 86' lang='lat' dir='ltr'>infestum</span> <span class='ocrx_word' id='word_1_31' title='bbox 529 662 639 741; x_wconf 92' lang='lat' dir='ltr'>plebei,</span> <span class='ocrx_word' id='word_1_32' title='bbox 654 663 709 722; x_wconf 91' lang='lat' dir='ltr'>diu</span> <span class='ocrx_word' id='word_1_33' title='bbox 722 681 759 722; x_wconf 90' lang='lat' dir='ltr'>ac</span> <span class='ocrx_word' id='word_1_34' title='bbox 772 660 905 722; x_wconf 90' lang='lat' dir='ltr'>multum</span> <span class='ocrx_word' id='word_1_35' title='bbox 919 672 1109 724; x_wconf 83' lang='lat' dir='ltr'>recusantem</span> 
     </span>
     <span class='ocr_line' id='line_1_6' title="bbox 211 741 1166 825; baseline -0.003 -19"><span class='ocrx_word' id='word_1_36' title='bbox 211 746 248 806; x_wconf 89' lang='lat' dir='ltr'>ad</span> <span class='ocrx_word' id='word_1_37' title='bbox 270 744 448 825; x_wconf 80' lang='lat' dir='ltr'>petitionem</span> <span class='ocrx_word' id='word_1_38' title='bbox 470 741 626 822; x_wconf 84' lang='lat' dir='ltr'>conpellit.</span> <span class='ocrx_word' id='word_1_39' title='bbox 668 741 700 802; x_wconf 90' lang='lat' dir='ltr'>Is</span> <span class='ocrx_word' id='word_1_40' title='bbox 719 743 860 822; x_wconf 87' lang='lat' dir='ltr'>proximo</span> <span class='ocrx_word' id='word_1_41' title='bbox 885 742 1031 804; x_wconf 89' lang='lat' dir='ltr'>comitiali</span> <span class='ocrx_word' id='word_1_42' title='bbox 1052 742 1111 818; x_wconf 92' lang='lat' dir='ltr'>die,</span> <span class='ocrx_word' id='word_1_43' title='bbox 1146 743 1166 803; x_wconf 79' lang='grc' dir='ltr'><strong>ὅ</strong></span> 
     </span>
     <span class='ocr_line' id='line_1_7' title="bbox 211 821 1112 902; baseline -0.002 -16"><span class='ocrx_word' id='word_1_44' title='bbox 211 821 446 887; x_wconf 87' lang='lat' dir='ltr'>concedentibus</span> <span class='ocrx_word' id='word_1_45' title='bbox 469 821 619 894; x_wconf 90' lang='lat' dir='ltr'>omnibus,</span> <span class='ocrx_word' id='word_1_46' title='bbox 643 822 696 902; x_wconf 91' lang='lat' dir='ltr'>qui</span> <span class='ocrx_word' id='word_1_47' title='bbox 720 842 791 882; x_wconf 90' lang='lat' dir='ltr'>cum</span> <span class='ocrx_word' id='word_1_48' title='bbox 815 821 956 884; x_wconf 87' lang='lat' dir='ltr'>Varrone</span> <span class='ocrx_word' id='word_1_49' title='bbox 980 831 1112 886; x_wconf 81' lang='lat' dir='ltr'>certave-</span> 
     </span>
     <span class='ocr_line' id='line_1_8' title="bbox 211 901 1114 1044; baseline -0.003 -78"><span class='ocrx_word' id='word_1_50' title='bbox 211 914 289 979; x_wconf 88' lang='lat' dir='ltr'>rant,</span> <span class='ocrx_word' id='word_1_51' title='bbox 301 924 362 1044; x_wconf 80' lang='lat' dir='ltr'>par</span> <span class='ocrx_word' id='word_1_52' title='bbox 375 904 472 982; x_wconf 83' lang='lat' dir='ltr'>magis</span> <span class='ocrx_word' id='word_1_53' title='bbox 486 903 519 963; x_wconf 90' lang='lat' dir='ltr'>in</span> <span class='ocrx_word' id='word_1_54' title='bbox 533 901 756 964; x_wconf 88' lang='lat' dir='ltr'>adversandum</span> <span class='ocrx_word' id='word_1_55' title='bbox 772 921 866 981; x_wconf 88' lang='lat' dir='ltr'>quam</span> <span class='ocrx_word' id='word_1_56' title='bbox 879 903 1006 984; x_wconf 89' lang='lat' dir='ltr'>conlega</span> <span class='ocrx_word' id='word_1_57' title='bbox 1020 902 1114 964; x_wconf 87' lang='lat' dir='ltr'>datur</span> 
     </span>
    </p>
   </div>
   <div class='ocr_carea' id='block_1_3' title="bbox 208 983 1167 3526">
    <p class='ocr_par' dir='ltr' id='par_1_3' title="bbox 208 983 1166 1849">
     <span class='ocr_line' id='line_1_9' title="bbox 209 983 1115 1046; baseline -0.002 0"><span class='ocrx_word' id='word_1_58' title='bbox 209 1006 300 1046; x_wconf 86' lang='lat' dir='ltr'>consu</span> <span class='ocrx_word' id='word_1_59' title='bbox 313 1007 333 1046; x_wconf 91' lang='lat' dir='ltr'>r.</span> <span class='ocrx_word' id='word_1_60' title='bbox 388 984 466 1045; x_wconf 90' lang='lat' dir='ltr'>Indo</span> <span class='ocrx_word' id='word_1_61' title='bbox 515 992 666 1044; x_wconf 89' lang='lat' dir='ltr'>raetorum</span> <span class='ocrx_word' id='word_1_62' title='bbox 693 985 816 1045; x_wconf 91' lang='lat' dir='ltr'>comitia</span> <span class='ocrx_word' id='word_1_63' title='bbox 842 984 957 1044; x_wconf 80' lang='lat' dir='ltr'>habita</span> <span class='ocrx_word' id='word_1_64' title='bbox 1012 983 1115 1045; x_wconf 83' lang='lat' dir='ltr'>Creati</span> 
     </span>
     <span class='ocr_line' id='line_1_10' title="bbox 208 1063 1116 1145; baseline 0 -20"><span class='ocrx_word' id='word_1_65' title='bbox 208 1066 261 1127; x_wconf 92' lang='grc' dir='ltr'>Μ’.</span> <span class='ocrx_word' id='word_1_66' title='bbox 284 1065 470 1145; x_wconf 78' lang='lat' dir='ltr'>Pomponius</span> <span class='ocrx_word' id='word_1_67' title='bbox 546 1064 599 1124; x_wconf 89' lang='lat' dir='ltr'>tho</span> <span class='ocrx_word' id='word_1_68' title='bbox 623 1072 654 1125; x_wconf 89' lang='lat' dir='ltr'>ct</span> <span class='ocrx_word' id='word_1_69' title='bbox 676 1064 711 1126; x_wconf 90' lang='lat' dir='ltr'>P.</span> <span class='ocrx_word' id='word_1_70' title='bbox 735 1064 849 1124; x_wconf 84' lang='lat' dir='ltr'>Furius</span> <span class='ocrx_word' id='word_1_71' title='bbox 872 1063 997 1136; x_wconf 58' lang='lat' dir='ltr'>Philtra·</span> <span class='ocrx_word' id='word_1_72' title='bbox 1024 1063 1116 1127; x_wconf 93' lang='lat' dir='ltr'>Philo</span> 
     </span>
     <span class='ocr_line' id='line_1_11' title="bbox 209 1142 1166 1224; baseline -0.001 -18"><span class='ocrx_word' id='word_1_73' title='bbox 209 1146 327 1206; x_wconf 82' lang='lat' dir='ltr'>Romae</span> <span class='ocrx_word' id='word_1_74' title='bbox 350 1143 572 1224; x_wconf 90' lang='lat' dir='ltr'>juridicundo</span> <span class='ocrx_word' id='word_1_75' title='bbox 596 1142 715 1203; x_wconf 90' lang='lat' dir='ltr'>urbana</span> <span class='ocrx_word' id='word_1_76' title='bbox 742 1163 814 1218; x_wconf 92' lang='lat' dir='ltr'>sors,</span> <span class='ocrx_word' id='word_1_77' title='bbox 838 1142 1007 1223; x_wconf 89' lang='lat' dir='ltr'>Pomponio</span> <span class='ocrx_word' id='word_1_78' title='bbox 1030 1144 1111 1206; x_wconf 86' lang='lat' dir='ltr'>inter</span> <span class='ocrx_word' id='word_1_79' title='bbox 1125 1143 1166 1205; x_wconf 89' lang='grc'>10</span> 
     </span>
     <span class='ocr_line' id='line_1_12' title="bbox 209 1223 1112 1304; baseline -0.002 -18"><span class='ocrx_word' id='word_1_80' title='bbox 209 1226 285 1287; x_wconf 88' lang='lat' dir='ltr'>civis</span> <span class='ocrx_word' id='word_1_81' title='bbox 299 1225 454 1286; x_wconf 88' lang='lat' dir='ltr'>Romanos</span> <span class='ocrx_word' id='word_1_82' title='bbox 468 1232 499 1284; x_wconf 92' lang='lat' dir='ltr'>et</span> <span class='ocrx_word' id='word_1_83' title='bbox 512 1243 583 1302; x_wconf 88' lang='lat' dir='ltr'>pere</span> <span class='ocrx_word' id='word_1_84' title='bbox 604 1224 686 1284; x_wconf 90' lang='lat' dir='ltr'>rinos</span> <span class='ocrx_word' id='word_1_85' title='bbox 700 1224 819 1296; x_wconf 84' lang='lat' dir='ltr'>evenit;</span> <span class='ocrx_word' id='word_1_86' title='bbox 840 1224 939 1284; x_wconf 85' lang='lat' dir='ltr'>additi</span> <span class='ocrx_word' id='word_1_87' title='bbox 953 1223 1013 1286; x_wconf 94' lang='lat' dir='ltr'>duo</span> <span class='ocrx_word' id='word_1_88' title='bbox 1026 1243 1112 1304; x_wconf 88' lang='lat' dir='ltr'>prae·</span> 
     </span>
     <span class='ocr_line' id='line_1_13' title="bbox 208 1302 1112 1380; baseline -0.004 -12"><span class='ocrx_word' id='word_1_89' title='bbox 208 1315 298 1380; x_wconf 91' lang='lat' dir='ltr'>tores,</span> <span class='ocrx_word' id='word_1_90' title='bbox 319 1304 363 1366; x_wconf 92' lang='lat' dir='ltr'>M.</span> <span class='ocrx_word' id='word_1_91' title='bbox 385 1303 532 1365; x_wconf 83' lang='lat' dir='ltr'>Claudius</span> <span class='ocrx_word' id='word_1_92' title='bbox 593 1304 725 1365; x_wconf 91' lang='lat' dir='ltr'>arcellus</span> <span class='ocrx_word' id='word_1_93' title='bbox 751 1304 785 1364; x_wconf 92' lang='lat' dir='ltr'>in</span> <span class='ocrx_word' id='word_1_94' title='bbox 812 1303 960 1377; x_wconf 84' lang='lat' dir='ltr'>Siciliam,</span> <span class='ocrx_word' id='word_1_95' title='bbox 982 1302 1019 1365; x_wconf 92' lang='lat' dir='ltr'>L.</span> <span class='ocrx_word' id='word_1_96' title='bbox 1040 1303 1112 1364; x_wconf 86' lang='lat' dir='ltr'>Pos-</span> 
     </span>
     <span class='ocr_line' id='line_1_14' title="bbox 209 1383 1111 1449; baseline -0.008 0"><span class='ocrx_word' id='word_1_97' title='bbox 209 1387 323 1449; x_wconf 90' lang='lat' dir='ltr'>tumius</span> <span class='ocrx_word' id='word_1_98' title='bbox 338 1384 471 1446; x_wconf 87' lang='lat' dir='ltr'>Albinus</span> <span class='ocrx_word' id='word_1_99' title='bbox 490 1384 522 1444; x_wconf 93' lang='lat' dir='ltr'>in</span> <span class='ocrx_word' id='word_1_100' title='bbox 538 1383 683 1445; x_wconf 87' lang='lat' dir='ltr'>Galliam.</span> <span class='ocrx_word' id='word_1_101' title='bbox 725 1383 838 1445; x_wconf 87' lang='lat' dir='ltr'>Omnes</span> <span class='ocrx_word' id='word_1_102' title='bbox 859 1383 996 1445; x_wconf 86' lang='lat' dir='ltr'>absentes</span> <span class='ocrx_word' id='word_1_103' title='bbox 1017 1383 1111 1444; x_wconf 87' lang='lat' dir='ltr'>creati</span> 
     </span>
     <span class='ocr_line' id='line_1_15' title="bbox 208 1463 1113 1545; baseline -0.007 -17"><span class='ocrx_word' id='word_1_104' title='bbox 208 1475 290 1542; x_wconf 90' lang='lat' dir='ltr'>sunt,</span> <span class='ocrx_word' id='word_1_105' title='bbox 314 1486 370 1526; x_wconf 91' lang='lat' dir='ltr'>nec</span> <span class='ocrx_word' id='word_1_106' title='bbox 394 1465 538 1545; x_wconf 90' lang='lat' dir='ltr'>cuiquam</span> <span class='ocrx_word' id='word_1_107' title='bbox 561 1484 676 1538; x_wconf 92' lang='lat' dir='ltr'>eorum,</span> <span class='ocrx_word' id='word_1_108' title='bbox 699 1473 821 1544; x_wconf 91' lang='lat' dir='ltr'>praeter</span> <span class='ocrx_word' id='word_1_109' title='bbox 843 1463 1020 1524; x_wconf 89' lang='lat' dir='ltr'>Terentium</span> <span class='ocrx_word' id='word_1_110' title='bbox 1044 1483 1113 1523; x_wconf 92' lang='lat' dir='ltr'>con·</span> 
     </span>
     <span class='ocr_line' id='line_1_16' title="bbox 208 1543 1165 1624; baseline -0.005 -16"><span class='ocrx_word' id='word_1_111' title='bbox 208 1547 315 1621; x_wconf 91' lang='lat' dir='ltr'>sulem,</span> <span class='ocrx_word' id='word_1_112' title='bbox 324 1545 487 1606; x_wconf 89' lang='lat' dir='ltr'>mandatus</span> <span class='ocrx_word' id='word_1_113' title='bbox 501 1545 596 1605; x_wconf 92' lang='lat' dir='ltr'>honos</span> <span class='ocrx_word' id='word_1_114' title='bbox 627 1565 696 1605; x_wconf 91' lang='lat' dir='ltr'>uem</span> <span class='ocrx_word' id='word_1_115' title='bbox 711 1565 772 1605; x_wconf 90' lang='lat' dir='ltr'>non</span> <span class='ocrx_word' id='word_1_116' title='bbox 782 1545 847 1624; x_wconf 89' lang='lat' dir='ltr'>jam</span> <span class='ocrx_word' id='word_1_117' title='bbox 862 1551 952 1604; x_wconf 87' lang='lat' dir='ltr'>antea</span> <span class='ocrx_word' id='word_1_118' title='bbox 966 1543 1110 1622; x_wconf 85' lang='lat' dir='ltr'>gessisset,</span> <span class='ocrx_word' id='word_1_119' title='bbox 1127 1543 1165 1603; x_wconf 83' lang='lat'>15</span> 
     </span>
     <span class='ocr_line' id='line_1_17' title="bbox 208 1566 1112 1707; baseline -0.004 -20"><span class='ocrx_word' id='word_1_120' title='bbox 208 1626 382 1707; x_wconf 91' lang='lat' dir='ltr'>praeteritis</span> <span class='ocrx_word' id='word_1_121' title='bbox 402 1624 521 1705; x_wconf 80' lang='lat' dir='ltr'>aliquot</span> <span class='ocrx_word' id='word_1_122' title='bbox 540 1566 670 1686; x_wconf 74' lang='lat' dir='ltr'>fortilrus</span> <span class='ocrx_word' id='word_1_123' title='bbox 690 1644 728 1686; x_wconf 89' lang='lat' dir='ltr'>ao</span> <span class='ocrx_word' id='word_1_124' title='bbox 747 1625 878 1685; x_wconf 89' lang='lat' dir='ltr'>strenuis</span> <span class='ocrx_word' id='word_1_125' title='bbox 892 1623 976 1696; x_wconf 89' lang='lat' dir='ltr'>viris,</span> <span class='ocrx_word' id='word_1_126' title='bbox 990 1623 1063 1702; x_wconf 88' lang='lat' dir='ltr'>quia</span> <span class='ocrx_word' id='word_1_127' title='bbox 1079 1623 1112 1683; x_wconf 91' lang='lat' dir='ltr'>in</span> 
     </span>
     <span class='ocr_line' id='line_1_18' title="bbox 208 1702 1112 1849; baseline -0.006 -82"><span class='ocrx_word' id='word_1_128' title='bbox 208 1707 266 1849; x_wconf 59' lang='lat' dir='ltr'>piali</span> <span class='ocrx_word' id='word_1_129' title='bbox 271 1717 416 1847; x_wconf 58' lang='lat' dir='ltr'>(pempore</span> <span class='ocrx_word' id='word_1_130' title='bbox 428 1705 508 1766; x_wconf 92' lang='lat' dir='ltr'>nulli</span> <span class='ocrx_word' id='word_1_131' title='bbox 522 1725 620 1767; x_wconf 89' lang='lat' dir='ltr'>novus</span> <span class='ocrx_word' id='word_1_132' title='bbox 641 1705 837 1788; x_wconf 80' lang='lat' dir='ltr'>magistratus</span> <span class='ocrx_word' id='word_1_133' title='bbox 852 1702 1015 1767; x_wconf 89' lang='lat' dir='ltr'>videbatur</span> <span class='ocrx_word' id='word_1_134' title='bbox 1028 1723 1112 1763; x_wconf 90' lang='lat' dir='ltr'>man·</span> 
     </span>
    </p>

    <p class='ocr_par' dir='ltr' id='par_1_4' title="bbox 230 1807 337 1848">
     <span class='ocr_line' id='line_1_19' title="bbox 230 1807 337 1848; baseline -0.009 0"><span class='ocrx_word' id='word_1_135' title='bbox 230 1807 270 1848; x_wconf 92' lang='lat' dir='ltr'>an</span> <span class='ocrx_word' id='word_1_136' title='bbox 293 1808 337 1848; x_wconf 89' lang='lat' dir='ltr'>us.</span> 
     </span>
    </p>

    <p class='ocr_par' dir='ltr' id='par_1_5' title="bbox 208 1863 1167 3206">
     <span class='ocr_line' id='line_1_20' title="bbox 248 1863 1111 1945; baseline -0.002 -17"><span class='ocrx_word' id='word_1_137' title='bbox 248 1865 415 1930; x_wconf 85' lang='lat' dir='ltr'>XXXVI.</span> <span class='ocrx_word' id='word_1_138' title='bbox 456 1865 620 1928; x_wconf 84' lang='lat' dir='ltr'>Exercitus</span> <span class='ocrx_word' id='word_1_139' title='bbox 647 1886 767 1945; x_wconf 90' lang='lat' dir='ltr'>quoque</span> <span class='ocrx_word' id='word_1_140' title='bbox 794 1863 995 1945; x_wconf 91' lang='lat' dir='ltr'>multiplicati</span> <span class='ocrx_word' id='word_1_141' title='bbox 1022 1872 1111 1938; x_wconf 88' lang='lat' dir='ltr'>sunt;</span> 
     </span>
     <span class='ocr_line' id='line_1_21' title="bbox 209 1944 1165 2028; baseline 0 -20"><span class='ocrx_word' id='word_1_142' title='bbox 209 1956 344 2028; x_wconf 88' lang='lat' dir='ltr'>quantae</span> <span class='ocrx_word' id='word_1_143' title='bbox 360 1956 467 2008; x_wconf 84' lang='lat' dir='ltr'>autem</span> <span class='ocrx_word' id='word_1_144' title='bbox 488 1946 593 2026; x_wconf 89' lang='lat' dir='ltr'>copiae</span> <span class='ocrx_word' id='word_1_145' title='bbox 612 1947 752 2026; x_wconf 90' lang='lat' dir='ltr'>peditum</span> <span class='ocrx_word' id='word_1_146' title='bbox 770 1947 966 2026; x_wconf 83' lang='lat' dir='ltr'>equitumque</span> <span class='ocrx_word' id='word_1_147' title='bbox 986 1944 1111 2005; x_wconf 86' lang='lat' dir='ltr'>additae</span> <span class='ocrx_word' id='word_1_148' title='bbox 1126 1947 1165 2008; x_wconf 88' lang='grc'>20</span> 
     </span>
     <span class='ocr_line' id='line_1_22' title="bbox 208 2026 1112 2106; baseline -0.004 -17"><span class='ocrx_word' id='word_1_149' title='bbox 208 2031 280 2102; x_wconf 91' lang='lat' dir='ltr'>sint,</span> <span class='ocrx_word' id='word_1_150' title='bbox 294 2027 371 2089; x_wconf 89' lang='lat' dir='ltr'>adeo</span> <span class='ocrx_word' id='word_1_151' title='bbox 385 2036 416 2088; x_wconf 90' lang='lat' dir='ltr'>et</span> <span class='ocrx_word' id='word_1_152' title='bbox 428 2047 555 2088; x_wconf 91' lang='lat' dir='ltr'>numero</span> <span class='ocrx_word' id='word_1_153' title='bbox 569 2035 600 2087; x_wconf 92' lang='lat' dir='ltr'>et</span> <span class='ocrx_word' id='word_1_154' title='bbox 613 2047 724 2106; x_wconf 90' lang='lat' dir='ltr'>genere</span> <span class='ocrx_word' id='word_1_155' title='bbox 736 2027 893 2106; x_wconf 88' lang='lat' dir='ltr'>copiarum</span> <span class='ocrx_word' id='word_1_156' title='bbox 907 2026 1030 2089; x_wconf 88' lang='lat' dir='ltr'>variant</span> <span class='ocrx_word' id='word_1_157' title='bbox 1042 2046 1112 2086; x_wconf 90' lang='lat' dir='ltr'>auc-</span> 
     </span>
     <span class='ocr_line' id='line_1_23' title="bbox 209 2106 1112 2201; baseline -0.003 -31"><span class='ocrx_word' id='word_1_158' title='bbox 209 2119 299 2183; x_wconf 90' lang='lat' dir='ltr'>tores,</span> <span class='ocrx_word' id='word_1_159' title='bbox 313 2115 349 2168; x_wconf 93' lang='lat' dir='ltr'>ut</span> <span class='ocrx_word' id='word_1_160' title='bbox 363 2108 419 2169; x_wconf 88' lang='lat' dir='ltr'>vix</span> <span class='ocrx_word' id='word_1_161' title='bbox 434 2108 596 2201; x_wconf 89' lang='lat' dir='ltr'>quicquam</span> <span class='ocrx_word' id='word_1_162' title='bbox 610 2108 687 2171; x_wconf 83' lang='lat' dir='ltr'>satis.</span> <span class='ocrx_word' id='word_1_163' title='bbox 702 2117 818 2168; x_wconf 88' lang='lat' dir='ltr'>certum</span> <span class='ocrx_word' id='word_1_164' title='bbox 839 2106 1001 2167; x_wconf 78' lang='lat' dir='ltr'>adfirmem</span> <span class='ocrx_word' id='word_1_165' title='bbox 1021 2126 1112 2167; x_wconf 91' lang='lat' dir='ltr'>ausus</span> 
     </span>
     <span class='ocr_line' id='line_1_24' title="bbox 208 2186 1112 2267; baseline -0.006 -16"><span class='ocrx_word' id='word_1_166' title='bbox 208 2189 295 2251; x_wconf 90' lang='lat' dir='ltr'>sim..</span> <span class='ocrx_word' id='word_1_167' title='bbox 318 2187 433 2248; x_wconf 90' lang='lat' dir='ltr'>Decem</span> <span class='ocrx_word' id='word_1_168' title='bbox 453 2188 540 2247; x_wconf 91' lang='lat' dir='ltr'>miha</span> <span class='ocrx_word' id='word_1_169' title='bbox 560 2208 709 2249; x_wconf 86' lang='lat' dir='ltr'>novorum</span> <span class='ocrx_word' id='word_1_170' title='bbox 731 2186 864 2247; x_wconf 91' lang='lat' dir='ltr'>militum</span> <span class='ocrx_word' id='word_1_171' title='bbox 879 2187 933 2248; x_wconf 92' lang='lat' dir='ltr'>alii</span> <span class='ocrx_word' id='word_1_172' title='bbox 947 2188 1060 2267; x_wconf 88' lang='lat' dir='ltr'>scripta</span> <span class='ocrx_word' id='word_1_173' title='bbox 1078 2188 1112 2246; x_wconf 93' lang='lat' dir='ltr'>in</span> 
     </span>
     <span class='ocr_line' id='line_1_25' title="bbox 209 2267 1111 2349; baseline -0.004 -19"><span class='ocrx_word' id='word_1_174' title='bbox 209 2268 465 2349; x_wconf 89' lang='lat' dir='ltr'>supplementum,</span> <span class='ocrx_word' id='word_1_175' title='bbox 479 2267 535 2328; x_wconf 89' lang='lat' dir='ltr'>alii</span> <span class='ocrx_word' id='word_1_176' title='bbox 555 2288 650 2329; x_wconf 87' lang='lat' dir='ltr'>novas</span> <span class='ocrx_word' id='word_1_177' title='bbox 671 2276 815 2347; x_wconf 90' lang='lat' dir='ltr'>quattuor</span> <span class='ocrx_word' id='word_1_178' title='bbox 835 2267 976 2347; x_wconf 84' lang='lat' dir='ltr'>legiones,</span> <span class='ocrx_word' id='word_1_179' title='bbox 990 2276 1025 2327; x_wconf 95' lang='lat' dir='ltr'>ut</span> <span class='ocrx_word' id='word_1_180' title='bbox 1043 2276 1111 2327; x_wconf 93' lang='lat' dir='ltr'>octo</span> 
     </span>
     <span class='ocr_line' id='line_1_26' title="bbox 209 2345 1165 2429; baseline -0.003 -19"><span class='ocrx_word' id='word_1_181' title='bbox 209 2348 381 2429; x_wconf 88' lang='lat' dir='ltr'>legionibus</span> <span class='ocrx_word' id='word_1_182' title='bbox 405 2369 470 2409; x_wconf 89' lang='lat' dir='ltr'>rem</span> <span class='ocrx_word' id='word_1_183' title='bbox 493 2356 648 2428; x_wconf 88' lang='lat' dir='ltr'>gererent;</span> <span class='ocrx_word' id='word_1_184' title='bbox 676 2369 802 2409; x_wconf 91' lang='lat' dir='ltr'>numero</span> <span class='ocrx_word' id='word_1_185' title='bbox 827 2365 946 2427; x_wconf 90' lang='lat' dir='ltr'>quoque</span> <span class='ocrx_word' id='word_1_186' title='bbox 972 2346 1111 2427; x_wconf 91' lang='lat' dir='ltr'>peditum</span> <span class='ocrx_word' id='word_1_187' title='bbox 1126 2345 1165 2407; x_wconf 84' lang='lat'>25</span> 
     </span>
     <span class='ocr_line' id='line_1_27' title="bbox 210 2428 1113 2509; baseline -0.006 -18"><span class='ocrx_word' id='word_1_188' title='bbox 210 2431 409 2509; x_wconf 88' lang='lat' dir='ltr'>equitumque</span> <span class='ocrx_word' id='word_1_189' title='bbox 422 2428 554 2508; x_wconf 89' lang='lat' dir='ltr'>legiones</span> <span class='ocrx_word' id='word_1_190' title='bbox 568 2437 682 2502; x_wconf 86' lang='lat' dir='ltr'>auctas,</span> <span class='ocrx_word' id='word_1_191' title='bbox 696 2428 820 2489; x_wconf 90' lang='lat' dir='ltr'>milibus</span> <span class='ocrx_word' id='word_1_192' title='bbox 837 2429 975 2507; x_wconf 89' lang='lat' dir='ltr'>peditum</span> <span class='ocrx_word' id='word_1_193' title='bbox 995 2435 1025 2487; x_wconf 91' lang='lat' dir='ltr'>et</span> <span class='ocrx_word' id='word_1_194' title='bbox 1045 2446 1113 2486; x_wconf 85' lang='lat' dir='ltr'>cen-</span> 
     </span>
     <span class='ocr_line' id='line_1_28' title="bbox 209 2507 1112 2590; baseline -0.003 -19"><span class='ocrx_word' id='word_1_195' title='bbox 209 2510 289 2571; x_wconf 88' lang='lat' dir='ltr'>tenis</span> <span class='ocrx_word' id='word_1_196' title='bbox 313 2509 466 2589; x_wconf 92' lang='lat' dir='ltr'>equitibus</span> <span class='ocrx_word' id='word_1_197' title='bbox 490 2510 523 2568; x_wconf 93' lang='lat' dir='ltr'>in</span> <span class='ocrx_word' id='word_1_198' title='bbox 547 2508 683 2590; x_wconf 87' lang='lat' dir='ltr'>singulas</span> <span class='ocrx_word' id='word_1_199' title='bbox 704 2508 839 2588; x_wconf 87' lang='lat' dir='ltr'>adjectis,</span> <span class='ocrx_word' id='word_1_200' title='bbox 856 2517 892 2568; x_wconf 93' lang='lat' dir='ltr'>ut</span> <span class='ocrx_word' id='word_1_201' title='bbox 912 2508 1006 2588; x_wconf 91' lang='lat' dir='ltr'>quina</span> <span class='ocrx_word' id='word_1_202' title='bbox 1026 2507 1112 2568; x_wconf 92' lang='lat' dir='ltr'>milia</span> 
     </span>
     <span class='ocr_line' id='line_1_29' title="bbox 209 2587 1111 2670; baseline -0.002 -22"><span class='ocrx_word' id='word_1_203' title='bbox 209 2589 359 2670; x_wconf 86' lang='lat' dir='ltr'>peditum,</span> <span class='ocrx_word' id='word_1_204' title='bbox 380 2589 495 2650; x_wconf 89' lang='lat' dir='ltr'>treceni</span> <span class='ocrx_word' id='word_1_205' title='bbox 518 2590 633 2668; x_wconf 90' lang='lat' dir='ltr'>equites</span> <span class='ocrx_word' id='word_1_206' title='bbox 658 2597 764 2663; x_wconf 88' lang='lat' dir='ltr'>essent,</span> <span class='ocrx_word' id='word_1_207' title='bbox 785 2588 858 2648; x_wconf 92' lang='lat' dir='ltr'>socii</span> <span class='ocrx_word' id='word_1_208' title='bbox 881 2587 1035 2667; x_wconf 89' lang='lat' dir='ltr'>duplicem</span> <span class='ocrx_word' id='word_1_209' title='bbox 1057 2607 1111 2646; x_wconf 93' lang='lat' dir='ltr'>nu·</span> 
     </span>
     <span class='ocr_line' id='line_1_30' title="bbox 210 2668 1112 2749; baseline -0.002 -19"><span class='ocrx_word' id='word_1_210' title='bbox 210 2689 329 2730; x_wconf 91' lang='lat' dir='ltr'>merum</span> <span class='ocrx_word' id='word_1_211' title='bbox 343 2669 481 2749; x_wconf 91' lang='lat' dir='ltr'>equitum</span> <span class='ocrx_word' id='word_1_212' title='bbox 495 2668 613 2743; x_wconf 85' lang='lat' dir='ltr'>darent,</span> <span class='ocrx_word' id='word_1_213' title='bbox 626 2668 736 2748; x_wconf 88' lang='lat' dir='ltr'>peditis</span> <span class='ocrx_word' id='word_1_214' title='bbox 757 2677 932 2748; x_wconf 89' lang='lat' dir='ltr'>aequarent,</span> <span class='ocrx_word' id='word_1_215' title='bbox 946 2676 1059 2747; x_wconf 89' lang='lat' dir='ltr'>septem</span> <span class='ocrx_word' id='word_1_216' title='bbox 1081 2675 1112 2728; x_wconf 91' lang='lat' dir='ltr'>et</span> 
     </span>
     <span class='ocr_line' id='line_1_31' title="bbox 210 2746 1166 2845; baseline -0.004 -34"><span class='ocrx_word' id='word_1_217' title='bbox 210 2750 367 2845; x_wconf 82' lang='lat' dir='ltr'>octoginta</span> <span class='ocrx_word' id='word_1_218' title='bbox 379 2749 467 2809; x_wconf 91' lang='lat' dir='ltr'>milia</span> <span class='ocrx_word' id='word_1_219' title='bbox 479 2757 667 2809; x_wconf 89' lang='lat' dir='ltr'>armatorum</span> <span class='ocrx_word' id='word_1_220' title='bbox 681 2757 711 2809; x_wconf 94' lang='lat' dir='ltr'>et</span> <span class='ocrx_word' id='word_1_221' title='bbox 725 2747 870 2809; x_wconf 92' lang='lat' dir='ltr'>ducentos</span> <span class='ocrx_word' id='word_1_222' title='bbox 884 2748 917 2807; x_wconf 92' lang='lat' dir='ltr'>in</span> <span class='ocrx_word' id='word_1_223' title='bbox 931 2748 1037 2809; x_wconf 88' lang='lat' dir='ltr'>castris</span> <span class='ocrx_word' id='word_1_224' title='bbox 1052 2748 1111 2809; x_wconf 86' lang='lat' dir='ltr'>Ro-</span> <span class='ocrx_word' id='word_1_225' title='bbox 1126 2746 1166 2808; x_wconf 89' lang='grc'>30</span> 
     </span>
     <span class='ocr_line' id='line_1_32' title="bbox 208 2825 1116 2910; baseline -0.006 -19"><span class='ocrx_word' id='word_1_226' title='bbox 208 2851 307 2891; x_wconf 83' lang='lat' dir='ltr'>marus</span> <span class='ocrx_word' id='word_1_227' title='bbox 322 2830 424 2910; x_wconf 67' lang='lat' dir='ltr'>subsc,</span> <span class='ocrx_word' id='word_1_228' title='bbox 439 2849 509 2889; x_wconf 90' lang='lat' dir='ltr'>cnm</span> <span class='ocrx_word' id='word_1_229' title='bbox 530 2834 701 2906; x_wconf 89' lang='lat' dir='ltr'>pugnatum</span> <span class='ocrx_word' id='word_1_230' title='bbox 722 2825 761 2887; x_wconf 94' lang='lat' dir='ltr'>ad</span> <span class='ocrx_word' id='word_1_231' title='bbox 783 2825 905 2886; x_wconf 83' lang='lat' dir='ltr'>Cannas</span> <span class='ocrx_word' id='word_1_232' title='bbox 925 2833 977 2900; x_wconf 87' lang='lat' dir='ltr'>est,</span> <span class='ocrx_word' id='word_1_233' title='bbox 992 2825 1116 2905; x_wconf 89' lang='lat' dir='ltr'>quidam</span> 
     </span>
     <span class='ocr_line' id='line_1_33' title="bbox 209 2907 1118 2985; baseline -0.006 -15"><span class='ocrx_word' id='word_1_234' title='bbox 209 2918 347 2972; x_wconf 85' lang='lat' dir='ltr'>auctores</span> <span class='ocrx_word' id='word_1_235' title='bbox 361 2918 441 2971; x_wconf 90' lang='lat' dir='ltr'>sunt.</span> <span class='ocrx_word' id='word_1_236' title='bbox 482 2907 569 2968; x_wconf 93' lang='lat' dir='ltr'>Illud</span> <span class='ocrx_word' id='word_1_237' title='bbox 583 2907 822 2985; x_wconf 86' lang='lat' dir='ltr'>haudquaquam</span> <span class='ocrx_word' id='word_1_238' title='bbox 833 2907 993 2985; x_wconf 89' lang='lat' dir='ltr'>discrepat,</span> <span class='ocrx_word' id='word_1_239' title='bbox 1004 2907 1118 2966; x_wconf 88' lang='lat' dir='ltr'>ma&#39;ore</span> 
     </span>
     <span class='ocr_line' id='line_1_34' title="bbox 211 2928 1113 3064; baseline 0 -19"><span class='ocrx_word' id='word_1_240' title='bbox 211 2993 323 3046; x_wconf 88' lang='lat' dir='ltr'>conatu</span> <span class='ocrx_word' id='word_1_241' title='bbox 350 2993 444 3064; x_wconf 87' lang='lat' dir='ltr'>atque</span> <span class='ocrx_word' id='word_1_242' title='bbox 470 2984 587 3064; x_wconf 88' lang='lat' dir='ltr'>impetu</span> <span class='ocrx_word' id='word_1_243' title='bbox 602 2983 679 3043; x_wconf 71' lang='lat' dir='ltr'>&#39;rem</span> <span class='ocrx_word' id='word_1_244' title='bbox 710 2993 811 3043; x_wconf 89' lang='lat' dir='ltr'>actam</span> <span class='ocrx_word' id='word_1_245' title='bbox 839 3004 933 3062; x_wconf 89' lang='lat' dir='ltr'>quam</span> <span class='ocrx_word' id='word_1_246' title='bbox 960 2928 1113 3063; x_wconf 80' lang='lat' dir='ltr'>priorilrus</span> 
     </span>
     <span class='ocr_line' id='line_1_35' title="bbox 211 3063 1113 3205; baseline 0.001 -81"><span class='ocrx_word' id='word_1_247' title='bbox 211 3064 308 3205; x_wconf 58' lang='lat' dir='ltr'>prinis,</span> <span class='ocrx_word' id='word_1_248' title='bbox 330 3065 404 3144; x_wconf 92' lang='lat' dir='ltr'>quia</span> <span class='ocrx_word' id='word_1_249' title='bbox 423 3084 506 3144; x_wconf 90' lang='lat' dir='ltr'>spem</span> <span class='ocrx_word' id='word_1_250' title='bbox 526 3083 613 3144; x_wconf 89' lang='lat' dir='ltr'>posse</span> <span class='ocrx_word' id='word_1_251' title='bbox 631 3063 717 3125; x_wconf 91' lang='lat' dir='ltr'>vinci</span> <span class='ocrx_word' id='word_1_252' title='bbox 738 3063 855 3123; x_wconf 87' lang='lat' dir='ltr'>hostem</span> <span class='ocrx_word' id='word_1_253' title='bbox 875 3064 1008 3125; x_wconf 91' lang='lat' dir='ltr'>dictator</span> <span class='ocrx_word' id='word_1_254' title='bbox 1028 3084 1113 3145; x_wconf 89' lang='lat' dir='ltr'>prae-</span> 
     </span>
     <span class='ocr_line' id='line_1_36' title="bbox 233 3143 1167 3206; baseline -0.002 -1"><span class='ocrx_word' id='word_1_255' title='bbox 233 3154 328 3206; x_wconf 90' lang='lat' dir='ltr'>uerat.</span> <span class='ocrx_word' id='word_1_256' title='bbox 1128 3143 1167 3204; x_wconf 84' lang='lat'>35</span> 
     </span>
    </p>

    <p class='ocr_par' dir='ltr' id='par_1_6' title="bbox 210 3222 1115 3526">
     <span class='ocr_line' id='line_1_37' title="bbox 250 3222 1114 3316; baseline -0.003 -30"><span class='ocrx_word' id='word_1_257' title='bbox 250 3224 394 3286; x_wconf 79' lang='lat' dir='ltr'>Ceterum</span> <span class='ocrx_word' id='word_1_258' title='bbox 414 3223 699 3316; x_wconf 81' lang='lat' dir='ltr'>priusquamsigna</span> <span class='ocrx_word' id='word_1_259' title='bbox 719 3223 760 3284; x_wconf 90' lang='lat' dir='ltr'>ab</span> <span class='ocrx_word' id='word_1_260' title='bbox 781 3223 856 3283; x_wconf 93' lang='lat' dir='ltr'>urbe</span> <span class='ocrx_word' id='word_1_261' title='bbox 869 3244 968 3286; x_wconf 86' lang='lat' dir='ltr'>novae</span> <span class='ocrx_word' id='word_1_262' title='bbox 981 3222 1114 3302; x_wconf 87' lang='lat' dir='ltr'>legiones</span> 
     </span>
     <span class='ocr_line' id='line_1_38' title="bbox 211 3302 1114 3381; baseline -0.007 -16"><span class='ocrx_word' id='word_1_263' title='bbox 211 3314 377 3377; x_wconf 89' lang='lat' dir='ltr'>moverent,</span> <span class='ocrx_word' id='word_1_264' title='bbox 388 3304 553 3366; x_wconf 80' lang='lat' dir='ltr'>decemviri</span> <span class='ocrx_word' id='word_1_265' title='bbox 567 3303 662 3363; x_wconf 92' lang='lat' dir='ltr'>libros</span> <span class='ocrx_word' id='word_1_266' title='bbox 676 3302 761 3363; x_wconf 92' lang='lat' dir='ltr'>adire</span> <span class='ocrx_word' id='word_1_267' title='bbox 775 3313 866 3381; x_wconf 89' lang='lat' dir='ltr'>atque</span> <span class='ocrx_word' id='word_1_268' title='bbox 879 3304 1027 3380; x_wconf 85' lang='lat' dir='ltr'>inspicere</span> <span class='ocrx_word' id='word_1_269' title='bbox 1043 3303 1114 3360; x_wconf 89' lang='lat' dir='ltr'>&#39;ussi</span> 
     </span>
     <span class='ocr_line' id='line_1_39' title="bbox 210 3381 1114 3466; baseline -0.011 -21"><span class='ocrx_word' id='word_1_270' title='bbox 210 3394 334 3466; x_wconf 89' lang='lat' dir='ltr'>propter</span> <span class='ocrx_word' id='word_1_271' title='bbox 349 3385 469 3445; x_wconf 88' lang='lat' dir='ltr'>territos</span> <span class='ocrx_word' id='word_1_272' title='bbox 480 3383 571 3461; x_wconf 87' lang='lat' dir='ltr'>volgo</span> <span class='ocrx_word' id='word_1_273' title='bbox 584 3383 721 3442; x_wconf 90' lang='lat' dir='ltr'>homines</span> <span class='ocrx_word' id='word_1_274' title='bbox 736 3383 822 3441; x_wconf 89' lang='lat' dir='ltr'>novis</span> <span class='ocrx_word' id='word_1_275' title='bbox 836 3381 989 3457; x_wconf 88' lang='lat' dir='ltr'>prodigiis.</span> <span class='ocrx_word' id='word_1_276' title='bbox 1064 3398 1114 3436; x_wconf 91' lang='lat' dir='ltr'>am</span> 
     </span>
     <span class='ocr_line' id='line_1_40' title="bbox 211 3453 1115 3526; baseline -0.015 0"><span class='ocrx_word' id='word_1_277' title='bbox 211 3475 242 3526; x_wconf 90' lang='lat' dir='ltr'>et</span> <span class='ocrx_word' id='word_1_278' title='bbox 256 3465 374 3526; x_wconf 85' lang='lat' dir='ltr'>Romae</span> <span class='ocrx_word' id='word_1_279' title='bbox 387 3464 421 3523; x_wconf 92' lang='lat' dir='ltr'>in</span> <span class='ocrx_word' id='word_1_280' title='bbox 434 3463 592 3525; x_wconf 82' lang='lat' dir='ltr'>Aventino</span> <span class='ocrx_word' id='word_1_281' title='bbox 606 3470 637 3521; x_wconf 90' lang='lat' dir='ltr'>et</span> <span class='ocrx_word' id='word_1_282' title='bbox 651 3460 776 3520; x_wconf 88' lang='lat' dir='ltr'>Ariciae</span> <span class='ocrx_word' id='word_1_283' title='bbox 789 3459 965 3519; x_wconf 85' lang='lat' dir='ltr'>nuntiatum</span> <span class='ocrx_word' id='word_1_284' title='bbox 979 3462 1045 3515; x_wconf 90' lang='lat' dir='ltr'>erat</span> <span class='ocrx_word' id='word_1_285' title='bbox 1057 3453 1115 3514; x_wconf 91' lang='lat' dir='ltr'>sub</span> 
     </span>
    </p>
   </div>
   <div class='ocr_carea' id='block_1_4' title="bbox 0 0 1312 3790">
    <p class='ocr_par' dir='ltr' id='par_1_7' title="bbox 0 0 1312 3790">
     <span class='ocr_line' id='line_1_41' title="bbox 0 0 1312 3790; baseline 0 0"><span class='ocrx_word' id='word_1_286' title='bbox 0 0 1312 3790; x_wconf 95' lang='lat' dir='ltr'> </span> 
     </span>
    </p>
   </div>
  </div>
 </body>
</html>
