2572 3790
335 1049 591 1133 [PERIOCHA
622 1048 759 1123 LIBRI
786 1047 902 1122 XXI]

170 1357 266 1418 [Irrrra
281 1357 339 1405 belli
356 1359 443 1406 Puniol
464 1359 564 1405 aooundl
584 1361 716 1404 narrantur
732 1361 757 1403 el
777 1355 925 1402 Hannibalis
946 1354 1015 1401 ‹luoia
1037 1354 1096 1400 Poo·

138 1447 224 1481 nornnn
239 1440 326 1482 eontra
340 1437 424 1482 ioedur
440 1450 484 1498 por
500 1435 619 1481 Hiberam
634 1435 724 1480 llnmen
746 1434 872 1480 tranaltua.
903 1445 920 1478 a
939 1445 988 1494 qno
1003 1431 1100 1490 Sagun·

138 1517 190 1558 lum
202 1515 321 1560 eooiorum
331 1515 417 1576 populi
428 1514 533 1560 Romani
548 1513 636 1560 oivilae
652 1513 751 1560 obaeana
766 1516 852 1558 ootavo
868 1524 950 1558 monne
965 1513 1039 1572 oapta
1053 1512 1099 1555 eet.

139 1590 169 1636 do
186 1591 274 1652 quibua
290 1591 387 1637 iniuriis
408 1590 477 1636 miani
496 1591 572 1650 legati
589 1591 621 1636 ad
641 1589 854 1649 Carthaginienses
872 1589 915 1650 qui
932 1591 1099 1650 quererentur.

139 1682 193 1714 oum
209 1670 348 1715 natisiaoere
359 1669 460 1725 nollent,
471 1667 562 1716 bellum
578 1669 613 1715 eia
629 1669 749 1715 indietum
764 1671 809 1714 eet.
841 1666 967 1714 Hannibal
983 1669 1099 1728 snperato

139 1745 264 1804 Pyrenaeo
275 1746 339 1792 aaltu
349 1759 394 1807 par
405 1746 499 1792 Galliae
514 1746 576 1793 inula
587 1745 678 1802 Voloie‚
689 1746 733 1808 qul
749 1745 866 1791 obeiatere
881 1745 963 1791 oonali
978 1748 1049 1790 erant
1064 1743 1096 1799 ei,

139 1828 164 1870 et
179 1825 211 1870 ad
222 1824 296 1886 Alpes
307 1825 375 1871 venii
385 1828 410 1871 ei
420 1824 541 1871 laborioro
557 1838 601 1888 per
616 1839 657 1871 eae
673 1825 787 1882 transitu,
798 1838 852 1871 oum
863 1829 991 1870 montanos
1002 1825 1099 1886 qnoqire

140 1902 223 1948 Gallor
239 1903 323 1948 obvios
340 1903 435 1964 aliquot
451 1903 552 1964 proeliis
569 1903 706 1965 repulisset,
718 1902 844 1949 ‹leeoendil
862 1901 888 1948 in
905 1901 1006 1948 Italiam
1022 1905 1048 1947 et
1067 1901 1100 1947 ad

139 1980 249 2025 Tioinnm
265 1979 354 2026 flumen
371 1979 494 2026 Romanoa
510 1980 617 2041 equestri
633 1981 725 2042 proelio
741 1980 812 2025 ludio
844 1979 870 2024 in
885 1991 933 2040 qno
944 1978 1099 2025 vulneratum

139 2056 167 2102 P.
186 2056 323 2103 Cornelium
343 2055 479 2117 Soipionem
496 2057 605 2118 prouexit
623 2057 695 2113 filine,
712 2057 756 2118 qui
774 2055 885 2102 Airioani
903 2058 989 2118 postea
1010 2069 1098 2100 nomen

139 2133 240 2194 aooepii.
271 2133 407 2194 iterumque
422 2134 531 2179 exeruitu
547 2134 657 2180 Romano
670 2134 700 2178 ad
712 2133 801 2178 flumen
813 2133 925 2179 Trebiam
936 2133 990 2179 luno
1002 2132 1099 2178 Hanni-

139 2211 179 2256 bal
190 2209 347 2271 Apenninum
357 2222 454 2270 quoqno
464 2222 600 2270 permagna
611 2209 741 2255 vexatione
751 2209 856 2255 militum
866 2214 967 2272 propter
977 2209 1027 2255 vim
1038 2213 1100 2255 tem-

138 2287 270 2349 pestatium
282 2285 387 2331 transiit.
420 2285 463 2331 Gn.
476 2286 602 2332 cornelian
620 2286 702 2348 Soipio
720 2286 745 2332 in
763 2286 886 2348 Hispania
903 2291 989 2334 eontra
1006 2287 1100 2334 Poenoa

139 2375 254 2426 prospero
263 2361 385 2424 pugnavit
396 2361 456 2408 dnoe
466 2360 574 2408 boetium
585 2360 691 2422 Magone
701 2360 793 2423 capon]

920 2527 953 2578 82
