2616 3790
462 243 595 290 uranu
619 243 711 308 xxr,
737 226 871 292 42-43.
1095 227 1155 294 121

210 406 327 478 urgent,
350 399 407 461 vix
430 399 557 478 integris
579 398 666 461 vobis
689 418 726 460 ac
750 399 924 480 vigentibus
950 399 1105 464 transitae.

210 478 272 539 Hic
298 478 483 540 vincendum
513 487 568 540 aut
593 479 793 554 moriendum,
821 481 941 552 milites,
969 490 1024 554 est,
1050 481 1106 541 ubi

209 559 339 636 primum
360 559 441 619 hosti
460 560 641 620 occurristis.
683 559 726 620 Et
749 560 855 620 eadem
875 560 1006 632 fortuna,
1027 580 1106 640 quae

208 640 416 698 necessitatem
443 640 601 717 pugnandi
628 640 769 720 inposuit,
796 641 933 719 praemia
955 640 1042 701 vobis
1069 661 1106 702 ea

208 718 373 779 victoribus
387 719 540 797 proponit,
554 719 664 797 quibus
684 719 835 799 ampliora
850 720 986 781 homines
1005 741 1045 780 ne
1065 721 1105 782 ab
1138 722 1159 782 5

209 797 265 858 diis
278 799 402 876 quidem
417 798 632 860 inmortalibus
644 809 751 878 optare
764 799 870 862 solent.
911 799 945 862 si
966 800 1105 862 Siciliam

209 878 559 940 tantumacSardiniam
568 878 744 958 parentibus
754 880 863 942 nostris
873 889 992 959 ereptas
1002 889 1106 942 nostra

208 958 320 1018 virtute
333 959 543 1038 recuperaturi
557 979 693 1031 essemus,
707 960 780 1020 satis
798 969 900 1020 tamen
922 960 1026 1040 ampla
1039 980 1105 1039 pre·

208 1037 251 1097 tia
273 1047 387 1112 essent;
409 1038 558 1118 quidquid
578 1039 711 1100 Romani
732 1049 777 1101 tot
797 1039 960 1120 triumphis
981 1050 1103 1120 partum

207 1127 440 1198 congestumque
460 1119 621 1199 possident,
636 1119 668 1179 id
683 1139 772 1180 omne
784 1129 920 1182 vestrum
941 1141 1011 1182 cum
1032 1121 1104 1199 ipsis
1119 1119 1158 1182 10

207 1195 335 1258 dominis
355 1198 493 1260 futurum
514 1208 574 1272 est;
595 1201 628 1259 in
649 1200 730 1260 hanc
753 1208 816 1260 tam
840 1201 974 1280 opimam
994 1221 1104 1262 merce-

206 1276 283 1350 dem,
304 1279 387 1358 agite
408 1279 491 1351 dum,
512 1280 571 1340 diis
591 1279 667 1340 bene
683 1280 864 1360 juvantibus
884 1301 971 1342 arma
991 1281 1101 1360 capite.

205 1355 285 1418 Satis
305 1359 407 1420 adhuc
420 1359 453 1419 in
467 1361 560 1421 vastis
575 1360 752 1420 Lusitaniae
766 1359 1007 1439 Celtiberiaeque
1021 1381 1104 1422 mon·

204 1436 285 1498 tibus
305 1458 415 1517 pecora
436 1441 633 1501 consectando
654 1441 775 1501 nullum
795 1439 1034 1501 emolumentum
1058 1449 1105 1502 tot

204 1515 344 1579 laborum
365 1519 629 1600 periculorumque
643 1531 812 1583 vestrorum
827 1519 964 1591 vidistis:
984 1528 1103 1599 tempus
1118 1521 1157 1584 15

204 1599 334 1677 estjam
358 1599 504 1679 opulenta
523 1619 578 1661 vos
604 1621 640 1662 ac
667 1601 745 1662 ditia
771 1600 924 1680 stipendia
947 1599 1046 1662 facere
1073 1610 1104 1662 et

203 1695 315 1757 magna
332 1699 440 1818 operae
457 1679 556 1759 pretia
571 1682 689 1754 mereri,
704 1689 824 1742 tantum
845 1681 963 1742 itineris
983 1701 1037 1760 per
1057 1688 1104 1742 tot

203 1767 319 1818 montes
367 1760 530 1839 uminaque
554 1770 585 1822 et
609 1770 655 1822 tot
676 1771 809 1838 armatas
833 1772 938 1842 gentes
959 1782 1102 1823 emensos.

202 1835 266 1898 Hic
294 1838 381 1899 vobis
408 1841 573 1902 terminum
601 1842 742 1902 laborum
769 1843 893 1903 fortuna
921 1843 1023 1917 dedit;
1051 1845 1102 1904 hic

202 1917 328 1996 dignam
350 1920 518 1980 mercedem
543 1923 675 1982 emeritis
702 1923 861 2001 stipendiis
889 1924 984 1986 dabit.
1026 1925 1101 1998 Nec,
1117 1929 1156 1991 20

202 2017 294 2076 quam
328 2000 434 2078 magni
467 2002 596 2062 nominis
631 2002 747 2063 bellum
774 2012 827 2078 est,
854 2013 919 2066 tam
947 2005 1102 2066 difficilem

201 2078 411 2140 existimaritis
439 2080 598 2142 victoriam
626 2081 706 2154 fore3
737 2103 826 2164 saepe
853 2079 883 2146 et
910 2095 1101 2165 contemptus

200 2156 295 2218 hostis
320 2167 481 2220 cruentum
504 2170 656 2222 certamen
680 2163 787 2238 edidit,
808 2173 838 2227 et
862 2166 972 2246 inclyti
995 2165 1102 2245 populi

200 2257 345 2318 regesque
404 2239 480 2302 rlevi
501 2251 652 2304 momento
666 2244 741 2306 victi
762 2255 841 2307 sunt
882 2246 964 2307 Nam
979 2247 1101 2325 dempto

200 2317 259 2378 hoc
280 2337 341 2378 uno
396 2320 480 2399 lgore
500 2323 629 2383 nominis
650 2324 792 2399 Romani,
809 2327 884 2405 quid
905 2336 958 2400 est,
978 2347 1033 2387 cur
1053 2326 1102 2386 illi
1116 2328 1155 2390 25

199 2397 287 2459 vobis
312 2401 499 2478 cooperandi
523 2402 606 2463 sint?
647 2403 693 2466 Ut
712 2406 823 2485 viginti
848 2427 998 2468 annorum
1022 2407 1101 2466 mili-

200 2477 277 2537 tiam
303 2488 436 2540 restram
464 2501 533 2541 cum
561 2482 618 2544 illa
644 2486 768 2560 virtute,
796 2507 866 2548 cum
893 2487 950 2552 illa
976 2487 1101 2548 fortuna

200 2567 329 2631 taceam,
350 2558 390 2619 ab
411 2559 555 2622 Herculis
576 2563 733 2637 columnis,
748 2567 788 2628 ab
808 2568 931 2628 Oceano
952 2569 1101 2629 terminis·

200 2657 259 2715 quc
273 2638 391 2699 ultimis
407 2648 556 2702 terrarum
577 2664 633 2722 per
652 2654 698 2706 tot
718 2646 916 2709 ferocissimos
930 2647 1100 2728 Hispaniae

200 2726 231 2776 et
244 2717 368 2779 Galliae
381 2721 510 2799 populos
524 2724 680 2785 vincentes
695 2725 755 2787 huc
769 2729 965 2806 pervenistis;
985 2751 1100 2809 pugna·
1114 2733 1154 2795 30

200 2795 272 2857 bitis
285 2818 356 2858 cum
367 2801 502 2861 exercitu
514 2803 621 2876 tirone,
631 2805 689 2866 hac
699 2806 765 2885 ipsa
779 2817 892 2869 aestate
904 2829 998 2882 caesa,
1007 2812 1098 2883 victo,

200 2877 394 2939 circumsesso
418 2899 438 2940 a
461 2881 571 2956 Gallis,
595 2884 699 2964 ignoto
726 2887 828 2948 adhuc
849 2889 920 2950 duci
941 2910 995 2949 suo
1016 2891 1100 2970 ignc-

200 2959 342 3037 rantique
355 2959 472 3023 ducem.
515 2964 568 3024 An
588 2984 637 3024 me
657 2966 690 3025 in
710 2969 862 3045 praetorio
879 2970 983 3048 patris,
998 2970 1099 3031 claris-

199 3039 269 3097 simi
283 3039 483 3118 imperatoris,
497 3062 552 3121 pro
575 3063 591 3102 e
605 3053 722 3119 natum,
736 3055 817 3108 certe
836 3048 990 3121 eductum,
1005 3051 1099 3110 domi-

200 3127 296 3178 torem
318 3120 488 3200 Hispaniae
508 3065 698 3204 Gadliaeque,
719 3128 866 3190 victorem
887 3129 1016 3189 eundem
1037 3150 1098 3190 non
1114 3133 1153 3194 35

200 3196 386 3277 Alpinarum
408 3202 497 3262 modo
517 3204 664 3282 gentium,
677 3206 730 3266 sed
744 3207 888 3286 ipsarum,
901 3207 983 3346 <pund
1001 3209 1098 3270 multo

200 3279 297 3357 majus
311 3288 364 3352 est,
376 3280 515 3360 Alpium,
527 3303 596 3342 eum
611 3287 767 3345 semenstri
781 3287 838 3348 hoc
848 3308 905 3348 con
919 3307 1002 3346 eram
1013 3288 1099 3359 duce,

199 3357 350 3418 desertore
364 3361 515 3420 exercitus
532 3363 600 3422 sui?
641 3363 700 3423 Oui
719 3365 746 3423 si
766 3367 833 3442 quis
853 3363 985 3440 demptis
1005 3364 1099 3437 signis

199 3436 316 3498 Poenos
351 3437 565 3519 Romanosque
591 3441 683 3501 hodie
710 3443 860 3513 ostendat,
887 3442 1099 3518 ignoraturum
