2572 3790
152 202 194 268 18
367 219 441 266 sum
463 220 543 268 mv1
564 220 614 266 ra
636 221 734 268 vans
755 220 912 268 commun

202 374 347 447 tradunt3
366 374 431 448 alii,
447 395 516 436 cum
535 375 700 437 instructae
722 377 800 437 acies
823 376 1038 452 constitissent,
1053 378 1111 459 pri·

202 475 331 534 usquam
357 455 445 533 signa
473 465 625 530 canerent,
648 457 823 536 processisse
852 455 1002 517 Latinum
1031 458 1112 518 inter

203 535 350 615 primores
371 535 539 615 ducemque
559 536 747 598 advenarum
776 556 917 598 evocasse
946 537 986 598 ad
1015 537 1114 598 conlo

202 613 325 695 quium;
354 624 585 694 percunctatum
614 616 732 688 deinde,
754 616 807 696 qui
836 617 981 678 mortales
1008 627 1114 690 essent,

169 694 286 755 bunde
305 703 360 755 aut
380 715 440 775 quo
461 715 532 756 casu
553 695 682 774 profecti
704 695 793 757 domo
811 696 925 775 quidve
938 705 1115 777 quaerentes

202 775 234 835 in
262 795 371 853 agrum
399 774 584 836 Laurentem
612 776 753 848 exissent,
784 784 853 855 post
874 797 946 838 uam
974 777 1114 849 audierit,

202 853 431 915 multitudinem
452 853 599 933 Trojanos
621 875 692 928 esse,
715 854 825 916 ducem
879 877 994 929 eneam,
1016 856 1115 916 filium

202 935 360 995 Anchisae
381 943 411 995 et
425 934 564 1008 Veneris,
582 944 717 996 cremata
739 937 842 1015 patria
861 936 951 998 domo
972 937 1115 1016 profugos

71 1089 75 1098 ¹
202 1014 303 1075 sedem
318 1014 553 1093 condendaeque
568 1015 653 1076 urbis
670 1015 771 1076 locum
787 1036 941 1094 quaerere,
956 1027 986 1077 et
1006 1016 1116 1077 nobili·

151 1095 190 1157 10
203 1103 299 1156 tatem
313 1094 498 1155 admiratum
519 1095 617 1174 gentis
635 1093 757 1175 virique
771 1107 801 1156 et
815 1096 952 1156 animum
967 1095 1016 1158 vel
1031 1094 1113 1157 bello

202 1174 253 1237 vel
268 1173 338 1253 paci
352 1183 503 1254 paratum,
515 1175 625 1236 dextra
641 1176 715 1236 data
726 1176 816 1236 fidem
828 1176 949 1236 futurae
962 1175 1117 1237 amicitiae

202 1254 346 1316 sanxisse
381 1254 459 1314 Inde
473 1255 578 1316 foedus
595 1257 691 1317 ictum
706 1257 787 1316 inter
798 1257 898 1328 duces,
910 1256 990 1316 inter
1003 1257 1116 1316 exerci-

203 1344 252 1396 tus
279 1334 494 1396 salutationem
525 1336 648 1396 factam.
691 1334 828 1397 Aeneam
857 1336 940 1415 apud
968 1335 1115 1397 Latinum

203 1415 296 1476 fuisse
318 1415 351 1476 in
374 1415 523 1495 bospitio;
554 1416 599 1477 ibi
622 1416 771 1477 Latinum
792 1416 873 1495 apud
901 1425 1025 1495 penates
1045 1416 1116 1478 deos

151 1495 189 1558 15
203 1495 402 1556 domesticum
424 1495 549 1576 publico
573 1496 749 1577 adjunxisse
769 1496 885 1569 foedus,
906 1495 972 1556 filia
991 1495 1116 1557 Aeneae

203 1577 236 1636 in
259 1576 488 1636 matrimonium
504 1576 587 1638 data.
629 1576 679 1636 Ea
701 1577 807 1656 utique
820 1597 867 1637 res
881 1575 1019 1655 Troianis
1032 1596 1115 1655 spem

203 1656 346 1717 adfirmat
361 1657 485 1718 tandem
500 1656 607 1717 stabili
622 1666 765 1736 certaque
778 1656 848 1716 sede
858 1655 985 1716 finiendi
997 1657 1114 1716 erroris.

204 1736 363 1816 Oppidum
386 1737 530 1810 condunt,
547 1737 668 1798 Aeneas
691 1736 730 1798 ab
752 1736 875 1796 nomine
897 1737 1002 1796 uxoris
1024 1735 1116 1796 Lavi-

204 1818 291 1878 nium
306 1816 451 1898 appellat.
494 1817 587 1878 Brevi
610 1819 701 1897 stirps
725 1836 845 1896 quoque
858 1816 957 1878 virilis
976 1837 1015 1875 ex
1036 1836 1116 1876 novo

135 1898 191 1960 ·20
205 1898 400 1959 matrimonio
411 1897 479 1971 fuit,
490 1899 541 1958 cui
549 1897 719 1958 Ascanium
731 1905 871 1976 parentes
883 1896 988 1956 dixere
996 1916 1114 1956 nomen.

243 1977 288 2040 II.
331 1977 420 2039 Bello
457 1978 568 2038 deinde
595 1976 781 2056 Aborigines
808 1975 992 2056 Trojanique
1024 1975 1115 2036 simul

203 2058 302 2140 petiti.
344 2058 465 2118 Turnus
491 2078 545 2118 rex
570 2057 768 2131 Rutulorum,
789 2056 840 2116 cui
863 2068 955 2135 pacta
982 2055 1116 2117 Lavinia

203 2148 276 2201 ante
296 2139 461 2200 adventum
479 2138 603 2199 Aeneae
624 2138 734 2207 fuerat,
749 2137 921 2217 praelatum
943 2134 1003 2196 sibi
1024 2135 1113 2198 adve-

203 2240 276 2280 nam
297 2239 387 2299 aegre
429 2219 535 2292 atiens,
550 2218 642 2278 simul
659 2217 784 2278 Aeneae
804 2216 978 2295 Latinoque
998 2215 1114 2276 bellum

150 2299 190 2361 25
204 2298 360 2360 intulerat.
435 2308 523 2359 entra
546 2299 627 2359 acies
641 2298 723 2359 laeta
737 2318 776 2359 ex
790 2317 825 2358 eo
840 2296 1004 2358 certamine
1018 2295 1114 2356 abiit:

203 2380 280 2442 victi
303 2379 423 2453 Rutuli,
438 2379 569 2440 victores
591 2378 777 2458 Aborigines
799 2376 985 2456 Trojanique
1006 2375 1114 2435 ducem

204 2460 353 2521 Latinum
380 2460 516 2521 amisere
569 2457 647 2518 Inde
676 2457 797 2518 Turnus
825 2455 997 2535 Rutulique
1024 2455 1114 2516 diffisi

204 2539 294 2600 rebus
318 2540 359 2601 ad
383 2540 524 2600 florentes
546 2559 617 2618 opes
643 2538 842 2599 Etruscorum
869 2535 1115 2615 Mezentiumque

204 2640 305 2699 regem
330 2640 434 2680 eorum
458 2619 647 2699 confugiunt,
670 2619 724 2699 qui
747 2617 851 2690 Caere,
876 2615 1020 2694 opulento
1047 2624 1114 2675 tum

151 2699 191 2761 30
205 2700 326 2780 oppido,
340 2700 527 2779 imperitans,
543 2703 609 2779 jam
624 2699 696 2759 inde
711 2697 750 2758 ab
765 2698 853 2757 initio
876 2695 1002 2756 minime
1017 2695 1114 2756 laetus

205 2800 303 2841 novae
323 2780 440 2860 origine
462 2779 556 2852 urbis,
571 2788 602 2840 et
626 2789 692 2839 tum
716 2778 811 2837 nimio
834 2776 905 2857 plus
928 2795 1019 2855 quam
1041 2776 1114 2835 satis

205 2868 307 2921 tutum
335 2869 411 2921 esset
438 2858 550 2920 accolis
577 2879 641 2919 rem
666 2857 831 2938 Trojanam
860 2875 992 2916 crescere
1019 2864 1113 2924 ratus,

205 2939 290 3000 baud
303 2940 457 3020 gravatim
471 2940 553 3000 socia
567 2959 653 2999 arma
668 2938 793 2998 Rutulis
803 2937 920 3017 junxit.

246 3019 376 3093 Aeneas,
396 3019 540 3082 adversus
567 3020 647 3079 tanti
672 3017 746 3079 belli
769 3027 916 3078 terrorem
940 3024 975 3076 ut
997 3014 1114 3075 animos

153 3098 191 3160 35
205 3100 412 3180 Aboriginum
440 3098 498 3160 sibi
526 3099 711 3172 conciliaret,
740 3119 795 3158 nec
820 3097 877 3157 sub
905 3095 1010 3156 eodem
1044 3094 1114 3174 jure

205 3181 304 3242 solum
337 3179 391 3241 sed
426 3180 518 3240 etiam
555 3180 677 3239 nomine
713 3197 816 3238 omnes
851 3185 958 3249 essent,
986 3174 1114 3234 latinos

205 3271 366 3339 utramque
382 3267 504 3340 gentem
524 3258 710 3338 appellavit3
732 3278 788 3317 nec
803 3256 914 3316 deinde
927 3254 1114 3334 Aborigines

205 3340 344 3418 Trojanis
366 3340 467 3401 studio
489 3359 525 3398 ac
547 3338 606 3398 fide
628 3358 701 3416 erga
723 3357 823 3414 regern
838 3335 976 3395 Aeneam
992 3354 1113 3395 cessere.

170 3459 172 3467 ,
207 3419 376 3499 Fretusque
403 3419 451 3478 his
477 3419 587 3479 animis
615 3416 848 3479 coalescentium
874 3415 906 3474 in
929 3414 993 3474 dies
1017 3414 1113 3491 magis
