2628 3796
125 250 187 316 196
290 266 380 313 rrrr
409 253 516 315 nivi.
534 263 591 313 aa
619 264 739 316 veen
766 263 955 314 cosmus

175 431 273 496 atrox,
287 442 378 502 super
391 429 438 484 tot
451 420 553 483 clades
567 421 661 483 etiam
674 441 799 496 novum,
814 442 885 483 oum
904 429 1027 503 stupore
1041 443 1079 485 ec

174 502 324 564 miraculo
338 501 474 582 torpidos
487 501 641 564 defixisset
653 503 708 582 qui
722 502 860 576 ederant,
873 510 905 563 ct
918 503 1080 564 eonsilium

175 582 389 644 advocandum
403 582 442 642 de
456 602 491 643 eo
504 591 669 656 censerent,
689 591 783 661 negat
802 583 912 643 consili
932 603 997 644 rem
1017 603 1082 644 esse

154 697 155 700 κ
175 662 276 743 Scipio
296 663 428 742 juvenis,
449 662 553 723 fatalis
573 662 640 723 dux
664 662 791 742 hujusce
811 661 895 724 belli.
937 662 1082 724 ‘Auden-

141 744 250 807 5dum
278 753 369 822 atqua
397 742 560 821 agendum,
585 762 647 803 non
675 741 929 803 consultandum'
956 743 1001 804 ait
1029 744 1083 803 ‘in

175 833 261 885 tauto
275 823 358 883 melo
372 841 443 884 esse.
485 821 573 883 Irent
592 842 695 883 secum
716 821 871 901 extemplo
891 823 1012 897 armati,
1027 823 1083 903 qui

175 902 420 984 rempublicam
444 901 563 964 salvam
588 901 722 975 vellent;
743 899 833 962 nulla
855 903 967 975 verius,
987 922 1083 983 quem

175 984 229 1045 ubi
248 1005 285 1046 ea
305 985 486 1064 cogitentur,
508 982 642 1044 hostium
663 991 763 1043 castra
783 981 864 1043 esse!
906 982 1014 1062 Pergit
1037 983 1084 1044 ire

174 1064 367 1144 sequentibus
381 1065 486 1145 paucis
500 1063 532 1122 in
549 1062 715 1142 hospitium
729 1061 859 1136 Metelli,
874 1071 913 1137 et,
927 1083 999 1124 curn
1013 1083 1085 1124 con·

123 1144 162 1206 10
176 1144 281 1205 cilium
295 1145 338 1205 ibi
348 1145 509 1225 juvenum,
525 1143 564 1204 de
578 1143 690 1223 quibus
708 1142 850 1204 adlatum
863 1151 938 1217 erat,
952 1143 1085 1207 invenis·

173 1233 228 1298 set,
249 1225 355 1286 stricto
375 1245 466 1304 super
488 1224 594 1304 capita
618 1223 857 1286 consultantium
878 1222 993 1304 gladio,
1015 1228 1085 1284 “ex

174 1306 233 1365 mei
255 1305 350 1366 enimi
370 1305 546 1369 sententia''
563 1305 665 1386 inquit
681 1308 743 1365 “ut
763 1324 819 1384 ego
840 1323 904 1364 rem
925 1303 1085 1384 publicem

174 1385 279 1465 populi
296 1385 429 1458 Romani
444 1405 505 1446 non
522 1385 669 1462 deseram,
684 1405 782 1468 neque
798 1385 896 1446 alium
910 1385 1008 1446 civem
1023 1384 1085 1445 Ro-

175 1485 300 1525 manum
314 1465 449 1527 deserere
463 1467 582 1546 patiar3
605 1468 631 1528 si
651 1467 751 1528 sciens
762 1464 848 1538 fallo,
862 1474 929 1526 tum
943 1484 993 1526 me
1006 1463 1029 1527 J
1031 1483 1086 1544 up·

123 1545 161 1606 15
175 1547 254 1625 piter
284 1546 397 1625 optime
432 1547 576 1621 maxime,
608 1548 742 1621 domum,
771 1545 931 1620 familiam,
959 1564 1087 1625 remque

175 1645 275 1686 meem
288 1627 416 1705 pessimo
431 1627 493 1688 leto
509 1627 644 1691 adiicias.
689 1628 727 1688 Iu
749 1628 825 1687 haec
838 1625 943 1700 verba,
958 1625 995 1686 L.
1011 1624 1086 1686 Cae-

175 1706 238 1778 cili,
255 1706 341 1786 jures
367 1707 498 1786 postulo,
526 1708 679 1788 ceterique
700 1709 754 1787 qui
774 1707 895 1768 adestis.
937 1705 1001 1784 Qui
1022 1725 1086 1766 non

182 1787 338 1861 ‘uraverit,
359 1787 392 1846 in
412 1807 443 1848 se
464 1788 547 1848 hunc
562 1788 702 1868 gladium
726 1788 867 1849 strictum
891 1807 954 1848 esse
977 1786 1085 1848 sciat.''

212 1866 273 1926 eud
293 1887 378 1928 secus
399 1868 514 1948 pavidi,
537 1888 631 1947 quam
655 1870 681 1930 si
703 1869 850 1932 victorem
873 1866 1086 1952 Hannibalem

123 1946 163 2010 20
177 1957 342 2020 cernerent,
352 1948 461 2027 jurent
476 1967 588 2022 omnes,
605 1949 879 2030 custodiendosque
894 1956 989 2010 semet
1003 1947 1086 2028 ipsos

176 2025 311 2105 Scipioni
326 2028 461 2089 tradunt.

217 2106 304 2168 LIV.
345 2107 393 2168 Eo
415 2117 551 2188 tempore
571 2129 633 2189 quo
657 2109 734 2172 haec
756 2109 883 2172 Canusii
904 2109 1086 2191 agebantur,

176 2186 344 2249 Venusiam
365 2188 405 2248 ad
428 2189 582 2250 consulem
605 2189 645 2250 ad
667 2198 813 2271 quattuor
835 2191 924 2252 milia
945 2200 976 2252 et
998 2191 1087 2270 quin-

177 2268 261 2346 genti
282 2267 399 2346 pedites
421 2270 605 2349 equitesque,
629 2271 682 2349 qui
706 2271 803 2413 spprsi
823 2271 898 2365 fuga
918 2291 973 2351 per
996 2291 1088 2350 egros

124 2349 163 2410 25
178 2348 489 2428 fuerant,pervenere.
532 2350 594 2411 Eos
609 2371 713 2412 omnes
757 2351 1088 2430 enusrnrperfamilias

177 2428 308 2508 benigne
328 2430 520 2509 accipiendos
544 2431 755 2510 curandosque
769 2451 839 2492 cum
854 2431 1037 2506 divisissent,
1052 2431 1087 2492 in

177 2509 311 2588 singulos
326 2510 441 2588 equites
456 2520 543 2591 togas
559 2520 590 2572 et
603 2512 722 2572 tunicas
737 2520 767 2573 et
781 2512 979 2592 quadrigatos
999 2533 1088 2572 num-

178 2609 242 2650 mos
263 2589 371 2668 quinos
386 2591 517 2664 vicenos,
535 2599 566 2652 et
586 2592 683 2671 pediti
703 2592 805 2666 denos,
820 2600 852 2653 et
864 2612 960 2666 arma,
975 2592 1088 2672 quibus

178 2669 312 2741 deerant,
340 2670 499 2746 dederunt,
530 2680 690 2752 ceteraque
717 2671 841 2752 publice
874 2693 911 2733 ac
938 2673 1088 2752 privatim

126 2750 165 2813 30
179 2749 370 2828 hospitaliter
391 2752 484 2826 fecta,
501 2761 721 2832 certatumque,
738 2773 778 2813 ne
797 2773 817 2813 a
838 2751 966 2813 muliere
986 2751 1088 2813 Oenu-

178 2830 247 2891 sina
259 2830 391 2909 populus
407 2831 583 2894 Venusinus
597 2833 704 2894 officiis
717 2833 900 2895 vinceretur.
942 2831 1001 2894 Sed
1018 2852 1088 2912 gra-

178 2911 247 2974 vius
261 2931 337 2972 onus
352 2911 453 2973 Busae
464 2912 631 2974 multitudo
642 2913 792 2986 faciebet;
807 2921 837 2974 et
846 2913 913 2992 jem
926 2913 971 2972 ad·
981 2911 1089 2972 decem

179 2991 267 3051 milia
281 2991 440 3053 hominum
455 3001 551 3068 erent,
560 2992 741 3072 Appiusque
756 3002 786 3055 et
799 2991 911 3072 Scipio,
925 3001 1088 3072 postquam

179 3072 364 3134 incolumem
386 3094 448 3134 esse
469 3072 601 3134 alterum
624 3073 779 3135 consulem
799 3080 993 3152 acceperunt,
1009 3092 1088 3132 nun-

127 3153 166 3215 35
181 3154 259 3213 tium
273 3154 428 3232 extemplo
442 3154 579 3226 mittunt,
588 3164 721 3232 quantae
735 3173 837 3214 secum
851 3153 990 3232 peditum
1004 3153 1089 3231 equi·

181 3242 307 3312 tumque
328 3234 433 3314 copiae
452 3240 559 3306 essent,
580 3233 828 3312 sciscitatumque
854 3232 956 3306 simul,
980 3241 1089 3293 utrum

180 3313 350 3375 Venusiam
370 3312 483 3373 adduci
503 3312 672 3373 exercitum
692 3332 733 3373 au
754 3333 877 3374 manere
893 3312 1015 3392 juberet
1030 3311 1088 3374 Oa-

181 3393 258 3454 nusi.
300 3393 402 3453 Varro
417 3392 480 3470 ipse
494 3390 661 3451 Canusium
676 3393 778 3472 copias
792 3393 952 3466 traduxit;
973 3401 1005 3453 et
1018 3393 1087 3472 jem

181 3471 286 3549 aliqua
299 3471 412 3550 species
427 3469 593 3531 consuleris
607 3472 759 3532 exercitus
778 3481 853 3546 eret,
867 3473 1088 3553 moenibusque
