2628 3796
137 200 200 266 206
297 217 389 266 rrrr
415 217 511 268 nrvr
528 215 596 270 ,ΑΒ
621 218 738 268 vanu
768 219 972 269 cororrs.

229 373 287 435 Est
297 381 328 435 et
341 374 404 436 alia
414 375 452 436 de
463 375 593 454 captivis
604 376 705 438 fama:
721 376 824 438 decem
836 377 950 457 primos
959 380 1105 454 venisset

189 454 228 515 de
241 455 283 514 eis
297 475 366 515 cum
382 456 557 516 dubitatum
577 456 610 516 in
629 466 736 518 senatu
756 467 840 530 esset,
855 458 1092 522 admitterentur

188 534 221 594 in
237 533 343 595 urbem
353 555 457 608 necne,
467 536 511 596 ita
525 535 671 597 admissos
680 557 751 610 esse,
760 558 799 598 ne
808 546 911 598 tamen
924 539 960 599 iis
970 552 1092 602 senatus

151 685 153 687 ¹
189 614 331 687 daretur;
360 615 550 676 morantibus
578 614 689 677 deinde
717 617 837 697 longius
865 618 1002 678 omniurn
1029 640 1091 700 spe,

155 695 175 758 5
189 695 265 755 alios
277 695 333 755 tris
348 693 471 774 insuper
483 695 599 774 legatos
613 696 739 771 venisse,
754 697 790 758 L.
806 697 997 759 Scribonium
1012 710 1043 760 et
1057 701 1092 762 C.

188 774 391 914 Calpurnium
406 784 437 836 et
449 775 486 836 L.
498 775 670 850 Manlium;
691 785 757 837 tum
771 777 894 838 demum
907 779 948 839 ab
962 789 1092 859 cognato

188 853 255 915 Scri
277 854 340 914 onii
361 854 485 916 tribuno
505 855 604 934 plebis
624 855 663 916 de
683 857 868 918 redimendis
892 859 1023 938 captivis
1047 881 1093 920 re·

188 933 287 995 latum
312 954 383 1008 esse,
407 955 463 995 nec
488 936 639 996 censuisse
661 937 853 998 redimendos
876 949 1033 1012 senatum;
1062 947 1093 1001 et

187 1034 281 1076 novos
302 1013 417 1093 legatos
437 1015 493 1076 tris
513 1014 555 1075 ad
574 1015 786 1078 Hannibalem
806 1017 974 1093 revertisse,
988 1018 1092 1080 decem

135 1095 175 1158 10
188 1103 304 1156 veteres
324 1094 511 1168 remansisse,
532 1096 614 1174 quod
657 1115 690 1156 er
710 1117 832 1158 causam
858 1100 1104 1177 recognoscendi·

187 1175 313 1235 nomina
334 1175 525 1253 captivorum
550 1174 591 1235 ad
651 1176 827 1239 annibalem
852 1198 891 1238 ex
917 1179 1025 1240 itinere
1048 1199 1092 1240 re

187 1255 281 1334 gressi
308 1254 456 1333 religione
483 1275 546 1316 sese
573 1256 788 1330 exsolvissent;
816 1258 855 1318 de
882 1257 919 1318 iis
946 1258 1092 1320 dedendis

187 1354 301 1413 magna
321 1334 514 1396 contentione
535 1343 637 1396 actum
658 1337 691 1396 in
712 1347 820 1398 senatu
843 1357 915 1411 esse,
935 1339 1093 1419 victosque

187 1415 294 1494 paucis
314 1415 471 1475 sententiis
492 1416 545 1495 qui
566 1416 718 1478 dedendos
739 1418 929 1491 censuerint;
956 1427 1092 1480 ceterum

135 1496 174 1558 15
188 1495 346 1575 proxumis
366 1494 540 1556 censoribus
560 1497 636 1557 adeo
657 1496 798 1558 omnibus
818 1498 897 1559 notis
916 1498 1093 1576 ignominis·

188 1595 247 1655 que
260 1574 411 1636 confectos
426 1595 497 1650 esse,
512 1585 547 1637 ut
561 1576 685 1656 quidam
700 1596 803 1638 eorum
818 1586 945 1638 mortem
960 1578 1092 1658 sibiipsi

187 1655 342 1734 extemplo
364 1656 576 1730 consciverint,
598 1657 689 1718 ceteri
713 1675 775 1718 non
799 1657 864 1718 foro
888 1657 986 1718 solum
1007 1659 1093 1720 omni

187 1735 299 1796 deinde
319 1736 394 1810 vita,
416 1736 469 1797 sed
493 1757 587 1817 prope
614 1736 684 1798 luce
711 1757 748 1798 ac
775 1737 900 1817 publico
928 1739 1091 1801 caruerint.

188 1815 299 1876 Mirari
319 1816 417 1896 magis
439 1817 515 1877 adeo
535 1817 706 1896 discrepare
730 1817 810 1878 inter
829 1827 976 1892 auctores,
998 1839 1092 1898 quam

134 1895 174 1959 20
188 1897 263 1976 quid
277 1896 343 1958 veri
356 1897 397 1958 sit
410 1896 588 1972 discernere,
602 1917 703 1977 queas.

229 1977 355 2054 Quanto
369 1985 471 2037 autem
487 1978 584 2057 major
597 1997 634 2038 ea
648 1976 749 2038 clades
769 1975 975 2057 superioribus
995 1975 1092 2038 eladi-

184 2057 240 2117 bns
259 2056 359 2131 firerit,
381 2056 431 2118 vel
442 2077 478 2117 ea
501 2075 548 2117 res
569 2056 681 2118 indicio
703 2055 1089 2138 est,qcodfidesaocion1m‚

185 2157 262 2217 quae
275 2136 314 2196 ad
337 2156 404 2197 eam
426 2137 507 2197 diem
530 2137 619 2197 firma
632 2144 764 2209 steterat,
778 2145 845 2197 tum
858 2135 963 2198 labare
981 2137 1090 2218 coepit,

186 2215 275 2276 nulla
295 2215 430 2294 profecto
452 2214 515 2276 alia
535 2213 574 2275 de
593 2234 626 2275 re
647 2235 738 2294 quam
756 2215 837 2295 quod
855 2215 1093 2296 desperaverant

133 2296 172 2357 25
186 2296 224 2356 de
244 2296 380 2375 imperio.
423 2295 569 2356 Defecere
589 2303 691 2355 autem
712 2295 750 2356 ad
772 2295 890 2356 Poenos
910 2297 943 2356 hi
964 2296 1091 2376 populi:

187 2376 336 2449 Atellani,
351 2376 496 2448 Calatini,
509 2374 646 2454 Hirpini,
656 2374 829 2453 Apulorum
843 2395 923 2468 pars,
938 2375 1092 2438 Samnites

187 2467 306 2534 praeter
320 2457 456 2530 Pentros,
471 2455 589 2516 Bruttii
609 2474 721 2528 omncs,
735 2454 856 2515 Lucam
865 2477 872 2529 ;
894 2465 1015 2535 praeter
1035 2456 1092 2518 hos

185 2535 341 2611 Uzentini,
355 2547 385 2598 et
399 2537 586 2599 Graecorum
609 2534 706 2596 omnis
727 2533 822 2595 ferme
841 2555 905 2607 ora,
919 2535 1091 2609 Tarentini,

185 2615 271 2677 Meta
293 2618 400 2691 ontini,
415 2617 624 2680 Crotonienses
646 2615 806 2693 Locrique,
821 2625 852 2675 et
866 2613 1015 2694 Cisalpini
1029 2636 1092 2676 om·

132 2698 173 2761 30
186 2717 238 2758 nes
266 2639 360 2759 galli,
415 2698 481 2759 Nec
509 2706 611 2758 tamen
639 2714 693 2756 eae
720 2693 821 2756 clades
849 2694 1092 2774 defectionesque

185 2778 336 2839 sociorum
359 2789 528 2852 moverunt,
553 2786 588 2838 ut
611 2776 695 2856 pacis
720 2795 846 2914 usrpuam
871 2775 986 2836 mentio
1014 2785 1092 2854 aput

187 2857 340 2918 Romanos
354 2859 447 2932 lieret,
462 2877 561 2938 neque
581 2866 652 2918 ante
673 2875 766 2917 consu
781 2855 806 2916 is
827 2855 957 2916 Romam
978 2855 1092 2916 adveu-

185 2945 252 2997 tum
267 2959 322 2999 nec
336 2948 495 3018 postquam
517 2939 543 2998 is
564 2938 655 2998 rediit
677 2935 898 3015 renovavitque
911 2935 1091 2996 memoriam

186 3027 329 3098 acceptae
349 3017 463 3090 cladis3
492 3018 607 3097 quoin
627 3026 763 3097 tempore
787 3016 854 3096 ipso
877 3014 954 3092 adeo
977 3035 1091 3094 magno

133 3099 173 3159 35
187 3098 289 3157 animo
310 3097 418 3160 civitas
438 3097 507 3172 fuit,
529 3107 564 3159 ut
585 3097 702 3159 consuli
723 3118 763 3158 ex
784 3105 871 3158 tanta
892 3094 989 3168 clade,
1003 3095 1090 3174 cujus

186 3176 250 3252 ipse
271 3194 362 3236 causa
383 3177 519 3237 maxima
539 3177 654 3250 fuisset,
669 3177 808 3238 redeunti
824 3185 855 3238 et
868 3174 992 3238 obviam
1010 3175 1090 3235 itum

186 3255 359 3330 frequenter
372 3253 412 3315 ab
426 3255 566 3316 omnibus
584 3256 742 3317 ordinibus
756 3258 796 3317 sit
810 3265 841 3317 et
854 3255 972 3336 gratiae
992 3263 1089 3330 actae,

190 3331 266 3406 prod
287 3332 325 3390 de
345 3353 378 3392 re
398 3332 524 3410 publica
544 3354 605 3395 non
627 3335 830 3414 desperassem
851 3336 904 3415 qui
920 3335 946 3395 si
960 3333 1090 3396 Cartha·

132 3481 171 3542 40
184 3407 367 3542 pgpgpnsium
381 3410 490 3471 ductor
502 3413 617 3486 fuisset,
632 3414 710 3474 nihil
726 3416 928 3476 recusandum
943 3413 1090 3495 supplicii
