2616 3790
140 228 203 295 176
305 245 396 294 rrrr
423 244 519 294 n1v1
546 244 601 291 AB
626 243 742 294 vane
770 241 965 290 counrrn

191 410 258 477 tare
277 401 385 463 territe
400 401 467 481 jam
488 399 575 462 clade
596 400 705 462 civitas
720 419 781 461 non
796 407 924 478 poterat,
938 418 973 458 eo
987 396 1093 458 decur-

191 503 259 544 sum
284 503 354 555 esse,
375 490 410 542 ut
434 501 454 541 a
477 481 591 560 populo
615 489 769 540 crearetur
790 479 844 559 qui
865 498 921 557 pro
943 477 1094 538 dictatore

193 571 285 635 esset;
307 582 353 623 res
367 560 438 621 inde
456 569 555 640 gestas
575 559 765 640 gloriamque
785 558 935 637 insignem
956 557 1043 618 ducis
1064 564 1094 616 et

186 641 323 719 augentis
337 641 462 700 titulum
483 639 624 720 imaginis
643 647 785 718 posteros,
799 645 843 709 ut,
858 636 911 730 qui
924 656 979 715 pro
1000 636 1095 697 dieta-

155 723 175 783 5
186 727 250 781 tore
274 721 369 794 arad,
383 721 505 780 (immor
518 721 699 792 crederetur,
710 719 800 779 facile
813 716 985 778 obtmuissa

301 796 379 858 XII.
421 796 573 870 Consules,
586 797 702 858 Atilius
713 795 853 857 Fabiano
865 795 1011 858 Geminus
1025 795 1091 858 Ser·

189 877 283 940 vilius
304 876 483 937 Minuciano
503 877 639 937 exercitu
662 885 795 954 accepto,
809 875 1015 937 hibernaculis
1029 897 1092 936 ma-

189 967 258 1019 ture
276 955 478 1028 communitis,
495 955 643 1033 (medium
657 956 798 1016 autumni
811 955 903 1029 erat)
919 955 999 1016 Fabi
1020 957 1092 1016 arti·

189 1037 247 1098 bus
261 1057 330 1098 cum
344 1056 465 1098 summa
478 1036 558 1097 inter
571 1056 603 1097 se
618 1035 781 1096 concordia
796 1034 911 1096 bellum
925 1045 1091 1115 gesserunt.

137 1118 175 1182 10
191 1117 426 1178 Frumentatum
446 1117 572 1178 exeunti
594 1115 766 1177 Hannibali
792 1115 919 1177 diversis
942 1115 1016 1176 locis
1040 1136 1092 1194 op

189 1197 314 1278 portuni
334 1196 470 1271 aderant,
492 1207 649 1278 carpentes
674 1217 784 1276 agmen
809 1196 988 1280 palatosque
1011 1197 1091 1257 exci-

188 1279 322 1358 pientes;
356 1279 389 1337 in
424 1297 527 1339 casum
561 1279 720 1340 universae
754 1277 969 1350 dimicationis,
999 1297 1092 1357 quam

189 1357 329 1420 omnibus
344 1358 460 1419 artibus
474 1357 597 1438 petebat
611 1356 714 1431 hostis,
726 1378 786 1420 non
802 1357 983 1432 veniebant;
997 1363 1094 1438 eoque

189 1439 310 1520 inopiae
331 1448 376 1500 est
399 1438 539 1500 redactus
564 1438 734 1512 Hannibal,
757 1448 801 1511 ut,
823 1437 882 1498 nisi
907 1459 977 1499 oum
1001 1439 1093 1518 fugae

136 1521 175 1582 15
189 1520 288 1599 specie
322 1518 497 1580 abeundum
529 1519 556 1579 ei
591 1519 706 1592 fuisset,
736 1517 874 1580 Galliam
908 1521 1093 1599 repetiturus

187 1600 290 1674 fuerit,
305 1600 393 1660 nulla
406 1599 540 1660 relictas
563 1619 580 1660 e
593 1599 697 1660 alendi
713 1600 866 1660 exercitus
887 1600 919 1660 in
940 1601 983 1661 eis
1004 1601 1089 1674 loeis,

188 1680 214 1741 si
234 1681 424 1761 insequentes
444 1699 516 1742 cons
551 1699 582 1741 es
602 1679 715 1742 eisdem
737 1679 854 1742 artibus
875 1679 991 1742 bellum
1011 1702 1093 1761 gere·

189 1769 265 1822 rent.

228 1841 307 1902 Cum
324 1842 362 1903 ad
378 1842 563 1906 Gereonium
579 1845 646 1926 jam
667 1844 767 1906 hieme
788 1841 964 1924 inpediente
984 1844 1093 1904 consti-

136 1921 176 1984 20
189 1921 273 1983 tisset
300 1923 425 1998 bellum,
454 1925 652 2005 Neapolitani
684 1925 778 2006 legati
814 1925 946 1986 Romam
973 1945 1092 1986 venere.

189 2001 241 2062 Ab
261 2003 298 2064 iis
318 2005 524 2085 quadraginta
544 2016 667 2085 paterae
694 2026 804 2068 aureae
826 2006 930 2085 magni
945 2005 1093 2146 ponderis

188 2083 221 2142 in
236 2084 353 2144 curiam
367 2084 492 2160 inlatae,
507 2095 598 2166 atque
613 2086 658 2148 ita
673 2087 768 2150 verba
790 2086 882 2158 facta,
898 2095 932 2147 ut
967 2086 1093 2159 merent,

185 2164 276 2223 ‘scire
302 2184 365 2224 sese
392 2165 499 2244 populi
526 2165 657 2224 Romani
685 2166 836 2226 aerarium
863 2167 944 2229 bello
979 2171 1094 2231 exhau-

184 2243 255 2318 riri;
281 2253 319 2319 et,
340 2265 410 2304 cum
433 2245 527 2324 juxta
550 2267 606 2325 pro
628 2247 754 2307 urbibus
782 2249 921 2327 agrisque
941 2250 1093 2312 sociorum

135 2319 175 2380 25
188 2339 224 2379 ac
238 2341 293 2400 pro
307 2323 408 2402 capite
421 2331 513 2402 atque
527 2343 598 2384 arce
612 2324 731 2398 Italiae,
747 2325 824 2386 urbe
837 2326 978 2387 Romana
998 2335 1092 2406 atque

188 2399 325 2480 imperio,
352 2411 485 2482 geratur,
515 2423 645 2483 aequum
680 2406 830 2466 censuisse
860 2406 1090 2485 Neapolitanos,

188 2480 270 2558 quod
291 2483 358 2543 auri
378 2482 437 2544 sibi
458 2503 529 2543 cum
549 2485 588 2545 ad
611 2485 794 2564 templorum
811 2495 953 2546 ornatum
966 2495 1034 2546 tum
1050 2487 1091 2546 ad

187 2559 356 2622 subsidium
381 2563 523 2625 fortunae
547 2585 566 2624 a
591 2565 756 2644 majoribus
781 2564 921 2626 relictum
947 2566 1033 2640 foret,
1054 2587 1090 2626 eo

189 2641 299 2720 juvare
313 2643 461 2723 populum
476 2643 659 2706 Romanum.
700 2644 733 2706 Si
754 2665 845 2725 quam
867 2666 955 2724 opem
975 2647 1006 2705 in
1028 2667 1091 2707 sese

135 2718 175 2782 30
189 2720 354 2796 crederent,
377 2723 482 2784 ecdem
509 2725 611 2787 studio
635 2726 727 2786 fuisse
750 2724 915 2787 oblaturos.
956 2724 1089 2787 Gratum

187 2798 246 2861 sibi
261 2810 361 2880 patres
376 2803 529 2866 Romanos
543 2805 752 2886 populumque
765 2806 927 2880 facturum,
941 2805 966 2866 si
986 2825 1091 2868 omnes

188 2901 235 2941 res
255 2882 531 2963 Neapolitanorum
550 2906 621 2947 suas
642 2885 809 2959 duxissent,
824 2885 992 2966 dignosque
1008 2887 1091 2966 judi·

188 2963 334 3037 caverint,
362 2963 402 3025 ab
432 2965 544 3044 quibus
578 2966 702 3039 donum,
730 2966 833 3026 animo
867 2985 903 3026 ac
929 2965 1091 3029 voluntate

187 3063 291 3104 eorum
303 3044 354 3124 qui
365 3044 492 3106 libentes
506 3047 615 3107 darent
624 3065 717 3140 quam
731 3066 764 3106 re
777 3047 875 3126 majus
889 3045 1091 3125 ampliusque,

134 3122 173 3182 35
188 3124 378 3202 acciperent)
421 3125 544 3203 Legatis
564 3135 682 3205 gratiae
702 3134 789 3186 actae
806 3147 860 3205 pro
879 3126 1091 3187 munificentia

188 3223 261 3264 cura
283 3225 337 3275 ue;
359 3211 473 3282 patera,
485 3224 563 3283 quae
577 3205 719 3282 ponderis
733 3206 853 3265 minimi
868 3205 937 3279 fuit,
954 3215 1086 3286 accepta

227 3281 261 3340 X
297 3282 393 3342 XIII.
435 3282 495 3342 Per
522 3283 640 3346 eosdem
668 3285 732 3344 dies
759 3306 773 3344 s
796 3285 933 3346 eculator
960 3285 1090 3346 Cartha·

186 3360 339 3438 giniensis,
365 3360 417 3438 qui
445 3381 499 3438 per
525 3360 683 3421 biennium
710 3306 870 3438 fefellerat,
895 3365 1012 3426 Rornae
1040 3367 1090 3426 de-

186 3454 311 3516 prensus
325 3439 526 3518 praecisisque
541 3442 682 3502 manibus
697 3443 847 3519 dimissus,
863 3454 894 3506 et
907 3447 987 3509 servi
1001 3446 1089 3526 quin·
