2572 3790
511 260 643 308 arnan
667 260 692 327 1,
717 243 770 310 32.
1098 241 1139 308 51

227 416 368 478 Medium
391 425 457 478 erat
484 417 516 477 in
541 418 630 478 Anco
657 417 823 498 ingenium,
850 425 881 478 et
908 415 1030 478 Numae
1056 423 1087 477 et

186 496 315 557 Romuli
343 517 473 570 memor;
508 506 539 558 et
566 506 778 577 praeterquam
806 497 887 576 quod
915 497 966 559 avi
993 516 1087 576 regno

186 577 284 657 magis
312 577 510 638 necessariam
537 576 628 638 fuisse
656 597 763 670 pacem
790 576 934 637 credebat
961 596 1030 638 cum
1053 576 1087 636 in

186 677 268 719 novo
288 665 356 718 tum
376 656 469 717 feroci
487 655 612 750 populo,
627 665 728 729 etiam,
744 655 825 736 qnod
846 654 895 716 illi
913 656 1088 736 contigisset

187 737 286 797 otium
313 737 378 797 sine
403 736 524 817 injnnn,
544 736 577 797 id
604 756 636 796 se
663 736 747 796 haud
773 735 864 796 facile
891 735 1086 810 habiturum
1122 737 1142 797 5

187 816 332 896 temptari
346 816 526 895 patientiam
547 823 578 876 et
596 823 778 910 temptatam
799 815 960 889 contemni,
975 824 1088 958 temp?-

188 917 284 975 raque
310 916 372 956 esse
398 894 489 956 Tullo
516 895 583 975 regi
609 904 729 976 aptiora
752 916 845 976 quam
872 895 1001 958 Numae.
1074 905 1088 957 t

188 985 301 1050 tamen,
312 977 456 1054 quoniam
471 975 575 1036 Numa
589 975 622 1036 in
636 996 711 1056 pace
725 977 886 1056 religiones
900 975 1087 1050 instituisset,

188 1076 209 1116 a
221 1077 253 1116 se
268 1055 396 1116 bellicae
409 1057 609 1116 caerimoniae
622 1056 832 1135 proderentur,
843 1076 899 1116 neo
913 1065 1089 1135 gererentur

188 1135 298 1210 solum,
318 1136 371 1198 sed
392 1137 483 1196 etiam
504 1136 711 1196 indicerentur
730 1135 812 1196 bella
832 1136 937 1214 aliquo
956 1136 1027 1205 ritu,
1037 1136 1088 1216 jus
1103 1136 1142 1197 10

190 1216 230 1277 ab
258 1217 385 1296 antiqua
411 1224 500 1296 gente
527 1215 717 1295 Aequiculis,
744 1215 827 1296 quod
861 1235 943 1276 nunc
971 1215 1088 1278 fetiales

190 1296 313 1370 habent,
335 1296 500 1376 descripsit,
521 1317 581 1376 quo
601 1317 648 1358 res
666 1305 854 1376 repetuntur.

231 1377 364 1457 Legatos
385 1377 439 1437 ubi
460 1377 499 1438 ad
514 1377 587 1437 fines
608 1397 712 1437 eorum
726 1377 821 1451 venit,
837 1375 919 1438 unde
938 1397 986 1438 res
1006 1397 1089 1457 repe·

189 1464 308 1531 tuntur,
323 1457 422 1564 capite
435 1456 538 1519 velato
552 1456 604 1517 tilc
619 1457 724 1535 (lanae
737 1457 878 1518 velamen
898 1456 957 1531 est)
978 1462 996 1488 “
1004 1458 1089 1531 audi,

190 1537 214 1600 J
216 1537 355 1619 uppiter,’
375 1537 485 1616 inquit,
494 1541 512 1568 “
523 1536 628 1597 audite
638 1536 712 1598 fines
721 1535 739 1563 ''
751 1537 981 1617 (cujuscumque
990 1538 1090 1617 gentis
1104 1537 1143 1598 15

190 1627 271 1693 sunt,
280 1617 442 1692 nominat),
453 1621 470 1648 “
479 1617 586 1677 audiat
594 1616 655 1677 fas!
671 1636 726 1696 ego
735 1637 802 1677 sum
812 1615 953 1696 publicus
963 1616 1089 1678 nuntius

191 1697 298 1778 populi
319 1696 469 1770 Romani3
486 1697 569 1803 juste
588 1697 696 1776 pieque
716 1695 834 1776 legatus
857 1697 956 1771 venio,
977 1696 1090 1760 verbis·

212 1798 250 1838 ue
264 1777 339 1838 meis
351 1776 426 1838 tides
436 1776 505 1838 sit'
546 1775 671 1856 Peragit
685 1776 795 1837 deinde
809 1776 970 1856 postulata.
1011 1775 1090 1839 Inde

191 1799 303 1920 iovem
323 1866 429 1919 testem
450 1856 541 1918 facit:
568 1856 620 1916 “si
640 1877 695 1936 ego
716 1856 827 1936 injuste
847 1856 998 1938 impieque
1021 1858 1090 1920 illos

191 1938 328 1998 homines
338 1937 467 2017 illosque
477 1957 524 1997 res
535 1935 639 1997 dedier
652 1934 729 1995 mihi
742 1956 881 2042 exposco,
890 1946 956 1998 tum
970 1939 1089 2017 patriae
1104 1937 1143 1999 20

191 2026 359 2097 compotem
375 2036 601 2096 menumquam
614 2015 683 2076 siris
697 2015 777 2077 esse!
829 2015 926 2090 Haeo,
936 2037 1004 2078 cum
1016 2018 1090 2079 fines

190 2097 411 2178 suprascandit,
431 2097 516 2171 haec,
538 2097 721 2176 quicumque
741 2095 769 2157 ei
789 2095 905 2176 primus
919 2097 967 2158 vir
981 2097 1089 2160 obvius

190 2177 293 2251 fuerit,
306 2178 382 2238 haec
394 2187 516 2271 portam
530 2176 710 2256 ingrediens,
725 2175 800 2237 haec
814 2177 913 2237 forum
928 2177 1088 2256 ingressus,

190 2258 297 2338 paucis
317 2257 418 2320 verbis
439 2255 582 2318 carminis
603 2256 853 2336 concipiendique
868 2256 947 2337 juris
963 2259 1089 2338 jurandi

191 2338 326 2412 mutatis,
350 2337 477 2418 peragit.
518 2335 551 2398 Si
574 2355 637 2398 non
664 2335 819 2397 deduntur
842 2357 916 2416 quos
944 2338 1088 2417 exposcit,
1104 2338 1144 2398 25

190 2418 298 2479 diebus
318 2418 416 2479 tribus
442 2427 472 2478 et
493 2417 622 2496 triginta
642 2417 702 2495 (tot
722 2417 803 2476 enim
823 2417 982 2478 sollemnes
1002 2419 1087 2496 sunt)

229 2499 321 2559 raetis
341 2497 456 2558 bellum
477 2497 522 2558 ita
542 2497 666 2557 indicit:
690 2497 799 2570 “audi,
820 2495 974 2576 Juppiter,
995 2506 1026 2559 et
1045 2509 1089 2572 tu,

190 2517 271 2642 line
286 2578 432 2655 Quirine3
453 2577 557 2656 diique
571 2597 674 2637 omnes
687 2576 838 2651 caelestes,
853 2597 966 2657 vosque
985 2586 1090 2639 terres-

190 2665 251 2718 tres
264 2677 377 2737 vosque
397 2657 520 2732 inferni,
534 2657 655 2718 auditel
676 2677 732 2736 ego
746 2677 799 2718 voa
819 2666 920 2730 testor,
941 2658 1088 2738 populum

189 2736 307 2798 illum''
336 2738 534 2817 (quicumque
560 2745 614 2810 est,
642 2737 795 2814 nominat)
826 2737 1000 2818 “injustum
1026 2759 1088 2800 esse
1102 2739 1144 2801 30

188 2837 287 2896 neque
309 2816 361 2898 jus
388 2817 577 2896 persolvere;
597 2817 650 2878 sed
676 2817 714 2878 de
738 2816 803 2878 istis
826 2817 916 2878 rebus
936 2818 969 2878 in
988 2819 1090 2900 patria

188 2899 317 2977 majores
344 2906 419 2958 natu
446 2897 646 2971 consulemus,
675 2917 734 2976 quo
761 2906 851 2977 pacto
875 2899 926 2978 jus
953 2908 1090 2960 nostrum

189 2976 424 3056 adipiscamur.''
465 2976 545 3038 Cum
566 2978 614 3038 hia
634 2978 761 3038 nuntius
783 2977 915 3038 Romam
931 2979 972 3039 ad
987 2999 1091 3040 oonsu-

188 3056 315 3117 lendum
328 3056 417 3119 redit
459 3056 626 3118 Confestim
640 3078 695 3118 rex
709 3057 757 3117 his
770 3056 865 3118 ferme
874 3058 975 3120 verbis
989 3068 1090 3138 patres

189 3137 383 3200 consulebat:
407 3141 564 3218 “quarum
585 3158 696 3210 rerum,
710 3136 825 3210 litium,
840 3158 999 3198 causarum
1021 3159 1090 3200 oon·
1104 3139 1144 3200 35

188 3217 272 3278 dixit
285 3227 372 3297 pater
385 3227 525 3298 patratus
545 3217 650 3297 populi
671 3217 805 3278 Romani
820 3217 989 3294 Quiritium
1009 3220 1091 3298 patri

231 3306 311 3358 trato
324 3297 501 3359 Priscorum
522 3298 705 3357 Latinorum
725 3296 959 3374 hominibusque
978 3296 1091 3357 Priscis

188 3317 320 3451 lisine,
345 3399 490 3458 quaeres
515 3397 571 3438 nec
596 3375 747 3436 dederunt
771 3394 827 3434 nec
854 3375 1012 3435 solverunt
1035 3395 1091 3432 nec

189 3457 337 3530 fecerunt,
364 3477 440 3538 quas
467 3477 514 3518 res
542 3455 623 3530 dari,
639 3454 728 3528 solvi,
752 3453 819 3513 fieri
847 3453 989 3531 oportuit,
1012 3451 1091 3522 dio,’'
