2616 3790
470 271 604 321 nisus
628 272 722 339 xxi,
751 255 882 320 53-54.
1113 258 1176 324 131

220 431 340 511 geniem
354 450 449 503 suam,
465 429 540 490 duos
555 429 692 491 eonsules
710 428 942 569 consularesque
961 430 1123 504 exercitus,

220 513 252 572 in
267 511 369 571 media
383 511 477 571 Italia
491 510 631 590 paventis
652 511 734 570 intra
755 518 863 582 castra,
905 530 1025 582 oenum,
1040 512 1122 590 quod

220 591 300 652 inter
324 590 416 670 Alpis
439 591 697 669 Apenninumque
724 590 791 668 agri
817 590 866 663 sit,
894 609 967 650 suae
994 590 1122 652 dicionis

219 671 371 732 fecisse?”
413 670 501 730 Haec
529 669 669 730 adsidens
697 691 788 749 aegro
811 669 964 749 conlegae,
989 671 1065 732 haec
1089 672 1122 732 in

218 752 372 831 praetorio
392 770 487 830 prope
507 750 770 811 contionabundus
796 770 894 830 agere.
935 750 1122 812 Stimulabat
1156 754 1176 815 5

219 841 249 891 et
270 840 390 910 tempus
410 851 466 910 pro
489 830 591 890 incum
612 831 813 902 comitiorum,
827 849 866 890 ne
887 830 919 890 in
937 850 1032 892 novos
1052 853 1122 892 con·

218 911 299 971 sules
321 910 437 972 bellum
457 851 638 983 differretur,
653 920 683 970 et
704 911 819 970 occasio
840 910 872 970 in
892 929 924 970 se
945 930 1041 972 unum
1058 932 1122 973 ver·

219 990 330 1052 tendas
356 990 481 1070 gloriae,
510 990 583 1050 dum
614 1011 705 1068 aeger
731 990 859 1070 conlega
886 999 959 1052 erat
1002 991 1120 1071 Itaque,

219 1071 404 1150 nequiquam
425 1071 620 1130 dissentiente
640 1070 790 1145 Cornelio,
812 1071 917 1150 parari
937 1071 977 1132 ad
997 1073 1120 1153 propiu-

219 1171 290 1212 cum
304 1160 455 1212 certamen
471 1151 582 1211 milites
592 1150 688 1230 jubet.
1136 1158 1175 1221 10

260 1230 421 1292 Hannibal
436 1251 514 1304 cum,
526 1232 600 1310 quid
615 1232 763 1310 optimum
779 1232 856 1294 foret
870 1234 960 1308 hosti,
975 1246 1120 1310 cerneret,

218 1312 274 1374 vix
303 1311 399 1371 ullam
426 1331 509 1390 spem
537 1312 671 1372 habebat
697 1323 810 1374 temere
840 1324 932 1393 atque
959 1315 1121 1395 inprovide

218 1394 384 1472 quicquam
398 1393 535 1453 consules
555 1404 691 1465 acturos3
715 1415 786 1455 cum
806 1395 932 1474 alterius
953 1396 1120 1474 ingenium,

218 1475 302 1534 fama
322 1475 416 1553 prius,
436 1474 547 1534 deinde
567 1495 599 1535 re
619 1476 784 1555 cognitum,
804 1476 955 1555 percitum
976 1498 1013 1538 ac
1033 1478 1120 1538 ferox

218 1557 310 1616 sciret
330 1577 401 1630 esse,
415 1556 604 1636 ferociusque
624 1557 740 1618 factum
755 1578 897 1638 prospero
911 1579 980 1619 cum
994 1561 1121 1638 praeda·
1136 1561 1174 1621 15

151 1641 154 1646 “
218 1637 336 1698 toribus
357 1638 418 1698 suis
439 1639 605 1699 certamine
625 1640 770 1712 erederet,
784 1639 888 1700 adesse
908 1641 1057 1719 gerendae
1073 1642 1117 1702 rei

218 1718 373 1779 fortunam
394 1719 478 1779 haud
499 1719 664 1780 diffidebat.
706 1719 801 1800 Oujus
823 1740 862 1781 ne
884 1721 966 1800 quod
987 1731 1118 1801 praeter-

219 1800 354 1860 mitteret
383 1808 503 1878 tempus
535 1799 685 1862 sollicitus
712 1801 907 1880 intentusque
940 1813 1015 1875 erat,
1044 1803 1118 1863 dum

218 1881 278 1940 tiro
295 1879 427 1940 hostium
448 1880 534 1941 miles
555 1889 640 1954 esset,
655 1881 728 1941 dum
752 1881 906 1942 meliorem
928 1902 968 1943 ex
990 1883 1119 1944 ducibus

218 1959 360 2020 inutilem
381 1960 493 2021 vulnus
514 1961 636 2034 faceret,
650 1961 725 2022 dum
745 1961 907 2023 Gallorum
928 1963 1023 2023 animi
1038 1964 1119 2042 vige·
1134 1964 1174 2025 20

219 2050 296 2113 rent,
311 2060 439 2120 quorum
454 2041 607 2120 ingentem
624 2041 853 2103 multitudinem
870 2043 984 2104 sciebat
997 2045 1119 2122 segnius

218 2129 400 2194 secuturam,
429 2131 543 2199 quanto
577 2121 698 2200 lougius
728 2121 768 2182 ab
797 2123 886 2183 domo
914 2124 1117 2184 traherentur.

218 2199 296 2262 Oum
312 2201 350 2260 ob
364 2201 439 2261 haec
454 2202 588 2282 taliaque
609 2211 744 2282 speraret
763 2203 944 2282 propincum
965 2215 1120 2265 certamen

218 2290 248 2340 et
282 2281 392 2353 faeere,
419 2282 446 2341 si
480 2291 655 2356 cessaretur,
689 2291 823 2362 cuperet,
857 2283 1119 2364 speculatoresque

218 2360 314 2433 Galli,
328 2361 368 2420 ad
383 2381 419 2422 ea
433 2361 624 2441 exploranda
638 2382 715 2442 quae
730 2363 824 2425 vellet
844 2365 972 2424 tutiores
993 2365 1065 2443 quia
1085 2365 1118 2425 in
1134 2364 1172 2425 25

220 2441 355 2519 utrisque
368 2442 475 2502 castris
491 2441 676 2516 militabant,
691 2452 813 2522 paratos
833 2463 955 2522 pugnae
975 2465 1037 2504 esse
1059 2445 1119 2505 Ro

219 2541 324 2581 manos
353 2521 549 2596 rettulissent,
578 2523 679 2583 locum
714 2523 832 2584 insidiis
867 2525 1120 2604 circumspectare

218 2601 337 2662 Poenus
358 2602 465 2682 coepit.

257 2681 346 2743 LIV.
388 2683 467 2743 Erat
494 2682 526 2742 in
554 2683 654 2744 medio
681 2682 766 2746 rivus
793 2682 938 2762 praealtis
966 2685 1120 2771 utrimque

219 2760 340 2822 clausus
359 2763 443 2842 ripis,
457 2772 488 2824 et
509 2763 592 2825 circa
611 2763 726 2825 obsitus
747 2764 934 2843 palustribus
953 2766 1065 2838 herbis,
1080 2777 1118 2839 et,
1134 2767 1174 2829 30

218 2841 329 2920 quibus
350 2842 468 2904 inculta
488 2842 582 2904 ferme
602 2845 784 2917 vestiuntur,
801 2844 945 2922 virgultis
963 2846 1120 2926 vepribus·

218 2941 285 3001 que.
329 2922 429 2998 Quem
451 2922 503 2983 ubi
525 2925 640 3002 equites
661 2943 780 3004 quoque
800 2925 929 3004 tegendo
950 2927 1024 2987 satis
1045 2927 1118 2987 late·

219 3000 342 3061 brosum
364 3002 465 3062 locum
486 3003 707 3064 circumvectus
721 3005 786 3084 ipse
800 3005 896 3066 oeulis
911 3006 1120 3084 perlustravit,

219 3086 237 3112 ‘⁴
246 3081 297 3142 hic
318 3082 377 3142 erit
398 3083 511 3155 locus,'’
529 3083 654 3162 Magoni
679 3084 769 3144 fratri
793 3085 846 3156 ait,
870 3090 986 3164 “quem
1006 3095 1119 3147 teneas.

218 3160 330 3240 Delige
351 3172 492 3223 centenos
512 3163 593 3224 viros
614 3183 653 3224 ex
673 3165 756 3224 omni
778 3165 880 3244 pedite
900 3175 991 3244 atque
1009 3166 1118 3244 equite,
1134 3165 1173 3226 35

218 3260 290 3300 cum
311 3242 421 3320 quibus
441 3242 482 3302 ad
503 3263 550 3302 me
567 3243 675 3322 vigilia
697 3244 796 3381 prima
810 3245 932 3316 venias3
953 3265 1036 3305 nunc
1057 3265 1119 3304 cor·

218 3341 295 3460 ppra
316 3340 423 3382 curare
445 3332 563 3400 tempus
584 3323 656 3382 est.'’
717 3336 750 3382 ta
774 3325 961 3401 praetorium
986 3324 1119 3380 missum.

256 3421 297 3460 ox
312 3421 382 3461 eum
400 3401 526 3462 delectis
544 3401 637 3480 Mago
658 3401 774 3462 aderat.
818 3407 835 3432 “
846 3401 969 3460 Robora
983 3401 1121 3460 virorum

220 3481 339 3554 corno,’'
366 3482 466 3561 inquit
488 3480 667 3553 Hannibal;
696 3479 775 3540 “sed
799 3480 846 3539 uti
869 3496 995 3536 numero
1019 3475 1121 3546 etiam,
