2572 3790
486 232 620 280 muna
644 231 670 298 1,
686 212 816 280 28-29.
1103 213 1148 282 tt

236 388 436 452 Centuriones
463 389 574 450 armati
601 387 747 450 Mettium
775 386 1018 460 circumsistunt;
1043 407 1100 450 rex

197 479 308 543 cetera,
318 477 354 530 ut
368 488 452 529 orsus
465 477 540 540 erat,
555 469 692 548 peragit:
715 466 823 546 “quod
837 467 950 528 bonum
965 467 1099 529 faustum

196 550 334 628 felixque
346 549 387 609 sit
396 548 510 628 populo
521 548 659 609 Romano
672 567 709 608 ac
723 546 963 626 mihivobisque,
972 547 1101 622 Albani,

197 629 346 710 populum
361 648 481 690 omnem
495 627 655 690 Albanum
670 627 801 688 Romam
815 627 976 688 traducere
989 628 1022 687 in
1036 627 1101 689 ani·

197 729 248 770 mo
262 719 317 782 est,
326 707 480 770 civitatem
489 707 563 769 dare
573 707 666 788 plebi,
676 707 823 786 primores
833 707 865 767 in
876 715 978 787 patres
991 707 1101 787 legere,
1135 706 1155 768 δ

183 803 294 850 'unam
307 787 424 861 urbem,
438 807 532 848 unam
546 807 609 848 rem
623 787 780 868 publicam
800 785 900 848 facere
908 807 916 860 ;
937 795 974 848 ut
986 807 1026 848 ex
1039 807 1101 850 uno

198 868 353 948 quondam
374 867 407 927 in
427 867 504 928 duos
546 867 652 947 opulos
673 866 773 929 divisa
786 865 913 928 Albana
926 886 973 928 res
990 877 1043 940 est,
1057 868 1102 929 sie

198 968 281 1008 nunc
308 948 341 1008 in
368 967 464 1008 uuum
488 889 620 1008 redeat.'’
664 946 717 1007 Ad
745 947 822 1008 haec
845 946 972 1007 Albana
995 947 1101 1027 pubes,

199 1027 323 1088 inermis
337 1027 377 1087 ab
390 1027 516 1088 armatis
529 1036 642 1107 saepta,
651 1026 684 1088 in
694 1026 788 1089 variis
798 1026 1010 1089 voluntatibus
1022 1048 1103 1089 com-

199 1108 286 1167 muni
313 1115 418 1168 tamen
444 1116 527 1167 metu
556 1116 690 1186 cogente,
710 1107 867 1168 silentium
889 1115 981 1170 tenet.
1022 1106 1102 1167 Tum
1117 1107 1157 1170 10

199 1186 310 1248 Tullus
325 1186 443 1247 “Metti
458 1186 592 1261 Fufeti,”
607 1188 717 1266 inquit,
730 1187 783 1248 “si
797 1187 861 1267 ipse
874 1187 989 1249 discere
1002 1207 1103 1268 posses

200 1267 292 1328 fidem
306 1287 343 1328 ac
356 1267 477 1328 foedera
491 1287 621 1340 servare,
636 1267 708 1328 vivo
721 1267 781 1328 tibi
794 1287 831 1328 ea
844 1267 1008 1347 disciplina
1021 1288 1040 1329 a
1054 1288 1103 1329 me

201 1347 342 1408 adhibita
361 1355 453 1419 essem
475 1367 567 1420 nunc,
588 1347 732 1426 quoniam
754 1355 843 1408 tuum
867 1347 1039 1410 insanabile
1059 1348 1104 1408 in·

201 1428 324 1506 genium
338 1436 392 1500 est,
406 1435 439 1487 at
451 1436 487 1488 tu
501 1436 554 1488 tuo
573 1427 723 1506 supplicio
737 1426 812 1488 doce
826 1427 995 1488 humanum
1008 1446 1104 1506 genus

201 1528 239 1568 ea
251 1515 357 1568 sancta
371 1507 500 1580 credere,
515 1527 594 1586 quae
607 1527 626 1568 a
641 1516 671 1568 te
684 1505 802 1568 violata
821 1515 901 1567 sunt.
942 1505 989 1569 Ut
1009 1507 1104 1586 igitur
1117 1506 1157 1567 15

199 1587 295 1668 paulo
317 1595 388 1648 aute
409 1587 547 1647 animum
567 1587 647 1648 inter
667 1586 848 1648 Fidenatem
874 1586 1105 1667 Romanamque

202 1688 267 1728 rem
287 1667 357 1728 anci
379 1667 452 1727 item
473 1667 599 1746 gessisti,
614 1666 659 1727 ita
668 1667 735 1746 jam
748 1686 858 1747 corpus
871 1667 984 1747 passim
997 1667 1104 1729 distra-

201 1747 338 1808 hendum
352 1687 468 1809 dabis?

243 1827 367 1889 Exinde
377 1827 497 1888 duabus
511 1827 642 1890 admotis
656 1827 821 1908 quadrigis,
830 1828 863 1889 in
877 1847 985 1890 currus
998 1849 1104 1891 earum

202 1909 370 1969 distentum
383 1907 493 1988 inligat
507 1909 669 1982 Mettium
691 1909 802 1970 deinde
822 1909 855 1970 in
875 1909 1030 1971 diversum
1047 1910 1105 1971 iter
1118 1909 1158 1971 20

202 1989 274 2068 equi
294 1988 449 2062 concitati,
464 1988 598 2049 lacerum
613 1990 645 2049 in
660 1998 789 2069 utroque
803 2009 894 2051 curru
911 2009 946 2051 co
984 2009 1029 2062 us,
1043 2010 1105 2070 qua

202 2069 397 2129 inhaeserant
423 2068 556 2129 vinculis
582 2068 727 2143 membra,
749 2078 913 2148 portantes.
987 2078 1105 2131 vertere

202 2169 306 2212 omnes
321 2148 360 2208 ab
374 2156 462 2209 tanta
475 2148 622 2209 foeditate
636 2149 802 2228 spectaculi
812 2150 923 2210 oculos.
965 2149 1105 2210 Primum

203 2229 408 2308 ultimumque
422 2227 502 2289 illud
516 2229 701 2307 supplicium
712 2229 795 2308 apud
806 2229 960 2290 Romanos
971 2249 1057 2290 exem
1080 2228 1105 2289 li

202 2329 314 2388 parum
327 2309 467 2369 memoris
480 2307 583 2387 legum
597 2308 801 2369 humanarum
815 2309 892 2382 fuit;
912 2310 944 2369 in
959 2310 1028 2370 aliis
1041 2250 1103 2388 glb-
1119 2305 1158 2370 25

202 2389 278 2450 riari
292 2389 374 2462 licet,
389 2388 469 2448 nulli
482 2387 621 2467 gentium
627 2389 768 2450 mitiores
781 2388 930 2468 placuisse
943 2409 1064 2468 poenas.

244 2469 374 2530 XXIX.
416 2468 502 2528 Inter
522 2468 598 2528 haec
616 2468 682 2548 jam
728 2469 864 2528 raemissi
881 2468 997 2529 Albam
1017 2477 1105 2530 erant

204 2549 329 2628 equites,
343 2548 397 2627 qui
412 2547 642 2609 multitudinem
655 2555 685 2608 tr
726 2557 851 2608 ucerent
868 2548 1007 2610 Romam.
1050 2549 1106 2610 Le·

204 2631 308 2708 giones
332 2628 442 2689 deinde
466 2627 577 2688 ductae
596 2628 635 2688 ad
657 2628 839 2689 diruendam
859 2629 975 2689 urbem.
1017 2629 1106 2706 Quae

204 2709 259 2770 ubi
278 2710 431 2771 intravere
448 2717 560 2787 portas,
574 2727 637 2768 non
656 2708 780 2788 quidem
800 2707 861 2768 fuit
881 2709 1031 2770 tumultus
1052 2709 1105 2770 ille
1119 2709 1159 2772 30

204 2809 261 2850 nec
274 2809 380 2868 pavor,
395 2787 495 2868 qualis
515 2797 676 2867 captarum
697 2808 758 2848 esse
779 2788 900 2848 urbium
921 2789 1005 2861 solet,
1024 2809 1104 2863 cum,

205 2869 336 2929 effractis
350 2868 446 2947 portis
456 2869 599 2931 stratisve
608 2868 703 2929 ariete
714 2868 809 2928 muris
820 2877 874 2929 aut
885 2869 995 2931 arceri
1005 2878 1105 2948 capta,

205 2949 320 3009 clamor
331 2948 449 3010 hostilis
463 2958 494 3009 et
508 2968 613 3009 cursus
624 2968 678 3027 per
689 2947 795 3007 urbem
806 2957 991 3009 armatorum
1003 2949 1107 3010 omnia

204 3028 284 3090 ferro
295 3027 480 3107 flammaque
490 3028 614 3100 miscet;
627 3028 679 3087 sed
693 3027 849 3088 silentium
862 3028 948 3088 triste
961 3048 998 3089 ac
1011 3029 1107 3089 tacita

204 3108 358 3168 maestitia
378 3108 424 3168 ita
444 3108 552 3169 defixit
572 3107 708 3168 omnium
729 3107 855 3180 animos,
874 3117 910 3169 ut
929 3127 1003 3186 prae
1022 3116 1105 3169 metu
1120 3106 1160 3168 35

204 3187 305 3261 obliti,
325 3187 401 3267 quid
422 3188 637 3266 relinquerent,
659 3184 734 3265 quid
761 3206 863 3246 secum
891 3187 1015 3259 ferrent,
1035 3187 1106 3246 defi·

205 3269 303 3329 ciente
317 3267 443 3329 consilio
457 3268 682 3347 rogitantesque
696 3265 750 3325 alii
765 3265 849 3338 alios,
859 3286 941 3325 nune
952 3267 984 3324 in
996 3265 1107 3323 limini-

205 3348 262 3408 bus
285 3356 411 3420 starent,
434 3367 518 3407 nunc
542 3344 709 3405 errabundi
733 3343 838 3404 domos
861 3363 940 3416 suas,
963 3342 1107 3400 ultimum

205 3427 285 3489 illud
305 3427 411 3499 visuri,
432 3431 682 3505 pervagarentur.
