2628 3796
450 235 582 283 arnna
607 233 710 302 xor,
732 220 862 284 40-42.
1100 221 1164 287 225

206 405 302 471 erant,
321 413 420 474 neque
440 394 508 474 cogi
530 413 668 473 pugnare
693 399 812 472 poterat
835 413 900 468 rex,
921 393 1001 455 inter
1027 414 1112 475 prae·

205 478 283 539 sidia
306 477 371 556 ejus
393 474 506 537 saltum
530 472 569 533 ad
594 473 719 534 Petram
740 473 824 534 evasi
848 481 879 534 et
902 473 943 534 ad
968 474 1110 555 Pydnam

205 577 306 637 regem
327 555 394 617 acie
414 555 485 631 vici,
508 554 722 615 Macedoniam
746 553 778 612 in
802 561 983 632 potestatem
1003 557 1110 636 populi

205 637 339 699 Romani
362 635 475 716 redegi,
497 644 536 709 et,
558 633 639 712 quod
661 631 778 694 bellum
799 653 854 712 per
875 635 1109 714 quadriennium

205 727 350 798 quattuor
369 725 441 778 ante
461 736 510 776 me
529 714 667 776 consules
687 714 732 774 ita
751 724 916 793 gesserunt,
938 725 973 777 ut
992 737 1111 797 semper
1144 722 1164 782 5

205 797 367 860 successori
381 797 535 859 traderent
585 796 682 867 avius,
697 793 730 853 id
743 814 799 873 ego
814 795 989 874 quindecim
1003 797 1110 860 diebus

203 878 326 959 perfeci
368 876 513 938 Aliarum
561 877 648 938 einde
675 875 879 936 secundarum
903 897 1004 938 rerum
1025 879 1111 940 velut

203 966 369 1039 proventus
391 967 520 1021 secutus.
562 957 716 1018 Divitates
736 976 839 1018 omnes
860 957 1058 1020 Macedoniae
1078 981 1110 1020 se

203 1039 402 1112 dediderunt;
422 1060 498 1119 gana
512 1039 637 1119 regiain
651 1044 829 1117 potestatem
845 1039 930 1101 venit
938 1061 947 1114 ;
967 1059 1023 1099 rex
1037 1040 1119 1120 ipses

150 1164 153 1169 ·
202 1119 395 1180 tradentibus
414 1140 509 1201 prope
530 1119 603 1200 ipsis
624 1119 682 1192 dts,
696 1118 730 1178 in
750 1119 863 1196 templo
877 1119 1108 1180 Samothracum
1125 1124 1163 1183 10
1219 1185 1229 1214 e

202 1221 273 1261 oum
294 1199 398 1261 liberis
412 1209 457 1262 est
470 1209 586 1281 captus.
628 1199 710 1260 Mihi
725 1219 844 1278 quoque
859 1200 918 1279 ipsi
931 1200 1026 1260 nimia
1042 1201 1109 1279 jam

201 1281 327 1341 fortuna
346 1280 445 1341 videri
469 1301 564 1361 eoque
583 1289 724 1360 suspecta
744 1299 814 1344 esse.
855 1279 952 1341 Maris
971 1280 1110 1360 pericula

201 1361 310 1422 timere
324 1361 409 1455 coepi
422 1360 457 1421 in
469 1369 557 1423 tanta
570 1360 702 1442 pecunia
722 1360 806 1442 regia
819 1360 851 1420 in
867 1361 991 1422 Italiam
1006 1361 1108 1422 traici·

201 1441 281 1502 enda
303 1449 336 1502 et
354 1450 472 1505 victore
494 1443 632 1504 exercitu
655 1441 900 1520 transportando.
942 1441 1108 1521 Postquam

201 1521 307 1582 omnia
320 1523 452 1583 secundo
466 1524 593 1585 navium
608 1542 698 1584 cursu
713 1522 745 1582 in
760 1519 884 1582 Italiam
895 1530 1107 1602 pervenerunt,
1123 1525 1161 1586 15

200 1623 300 1682 nequo
314 1611 381 1664 erat
394 1603 475 1682 quod
488 1603 571 1664 ultra
585 1621 735 1683 precarer,
749 1601 827 1661 illnd
850 1603 964 1682 optavi,
978 1611 1022 1674 ut,
1037 1623 1107 1663 cum

201 1702 241 1743 ex
254 1702 373 1744 summo
387 1692 467 1746 retro
477 1684 561 1748 volvi
576 1685 700 1745 fortuna
714 1692 892 1754 consuesset,
906 1684 1106 1743 mutationem

201 1763 265 1842 ejus
290 1762 397 1825 domus
420 1785 487 1825 mea
511 1766 611 1845 potius
636 1783 729 1845 quam
752 1783 800 1824 res
823 1763 947 1842 publica
973 1764 1106 1826 sentiret.

201 1843 312 1923 Itaque
325 1842 500 1905 defunctam
521 1867 583 1907 esse
603 1846 757 1907 fortunam
779 1843 933 1924 publicam
955 1865 1021 1906 mea
1042 1854 1106 1905 tam

201 1923 314 2003 insigni
327 1923 502 1987 calamitate
515 1947 611 2007 spero,
625 1925 893 2007 quodtriumphus
914 1945 1006 1998 meus,
1021 1925 1107 1987 velut
1120 1928 1168 1989 20'

201 2005 241 2065 ad
255 2004 424 2065 ludibrium
441 2027 566 2068 casuum
587 2009 801 2078 humanorum,
817 2005 935 2065 duobus
949 2005 1106 2066 funeribus

200 2083 368 2146 liberorum
387 2107 521 2149 meorum
544 2099 588 2150 est
608 2086 808 2167 interpositus.
850 2085 893 2145 Et
914 2106 982 2146 cum
1003 2106 1058 2165 ego
1076 2094 1107 2146 et

201 2166 328 2226 Perseus
351 2188 433 2228 nunc
455 2168 572 2230 nobilia
596 2169 729 2230 maxime
752 2166 840 2226 sortis
861 2166 1035 2226 mortalium
1056 2186 1118 2228 ex·.

200 2246 305 2326 empla
317 2258 496 2326 spectemur,
511 2250 573 2323 ille,
589 2251 641 2329 qui
656 2259 729 2310 ante
742 2268 782 2320 se,
797 2247 933 2326 captivos
947 2246 1019 2325 ipse,
1034 2245 1106 2306 duci

200 2325 314 2393 liberos
327 2328 415 2401 vidit,
430 2330 596 2392 incolumes
610 2340 713 2391 tamen
727 2349 777 2390 eos
790 2327 884 2388 habet
892 2348 900 2400 ;
921 2346 985 2405 ego,
1000 2326 1054 2404 qui
1068 2325 1107 2386 de
1119 2327 1159 2389 25

199 2405 254 2466 illo
275 2406 473 2485 triumphavi,
486 2406 525 2467 ab
548 2405 672 2468 alterius
691 2405 798 2467 funere
817 2405 874 2466 filii
894 2425 985 2466 curru
1005 2405 1038 2465 in
1058 2404 1111 2467 oa

205 2485 343 2562 pataliam
370 2493 461 2546 vectus
487 2487 755 2559 comedebam
778 2506 818 2546 ex
841 2484 993 2564 Capitolio
1016 2504 1111 2564 prope

202 2565 270 2644 jam
284 2565 477 2645 expirantem
491 2569 579 2641 veni3
600 2590 638 2629 ne
659 2589 697 2629 ue
712 2589 752 2630 ex
765 2574 854 2629 tanta
866 2565 961 2645 stirpe
975 2563 1104 2625 liberum

199 2655 345 2724 superest,
366 2647 418 2726 qui
441 2647 477 2709 L.
495 2647 623 2709 Aemilii
672 2648 737 2708 auli
758 2667 868 2708 nomen
890 2645 976 2706 ferat.
1018 2644 1104 2705 Duos

199 2727 290 2800 enim,
315 2735 470 2807 tamquam
499 2749 538 2788 ex
566 2749 678 2807 magna
705 2727 849 2807 progenie
877 2725 1050 2798 liberorum,
1072 2725 1104 2785 in
1118 2727 1158 2789 30

200 2805 394 2885 adoptionem
421 2809 507 2870 datos
531 2808 673 2869 Cornelia
697 2818 728 2868 et
751 2807 851 2869 Fabia
875 2828 948 2888 gens
972 2804 1103 2878 habent3

200 2885 317 2946 Paulus
331 2887 363 2946 in
378 2887 468 2948 domo
482 2898 601 2967 praeter
612 2908 660 2948 me
670 2908 758 2948 nemo
769 2897 913 2968 superest.
954 2886 1013 2947 Sed
1023 2886 1103 2946 hanc

200 2965 319 3026 cladem
340 2966 447 3028 domus
468 2988 551 3029 meae
571 2977 672 3029 vestra
692 2967 823 3029 felicitas
844 2975 875 3029 et
895 2968 1027 3029 secunda
1047 2966 1105 3025 for·

198 3052 276 3106 tuna
296 3046 421 3126 publica
441 3047 643 3109 consolatur.’'
665 3047 773 3110 XLII.
812 3048 900 3109 Haec
921 3055 1007 3109 tanto
1022 3047 1106 3107 dicta

198 3127 302 3186 animo
316 3128 413 3206 magis
434 3127 596 3188 confudere
616 3128 805 3189 audientium
826 3129 952 3200 animos,
967 3145 1058 3207 quam
1078 3127 1105 3187 si
1119 3126 1158 3188 35

198 3205 414 3267 miserabiliter
430 3207 592 3270 orbitatem
612 3229 699 3270 suam
719 3208 858 3270 deflendo
879 3208 999 3270 locutus
1020 3216 1104 3268 esset.
