2616 3790
107 181 170 245 154
271 192 362 240 r1r1
388 190 486 240 nrvr
512 188 568 236 aa
593 187 709 238 vasu
738 182 931 234 oouurra

156 345 262 414 multis
286 349 354 410 aliis
374 347 455 409 divis
475 345 576 407 bubus
596 344 675 405 albis
696 349 788 422 atque
812 339 920 402 ceteris
941 339 1059 402 hostiis.

156 434 247 497 Votis
267 432 326 491 rite
346 427 539 507 nuncupatis,
560 423 744 505 supplicatio
765 421 883 493 edicta;
907 421 1059 500 supplica·

155 524 282 595 tumque
302 512 364 572 iere
384 529 455 570 cum
475 507 654 585 conjugibus
673 524 711 565 ac
732 501 837 594 liberis
856 521 918 562 nou
939 502 1059 564 urbana

155 593 323 656 multitudo
350 598 481 666 tantum,
508 586 561 648 sed
588 585 754 666 agrestium
784 591 888 655 etiam,
916 602 990 661 quos
1024 583 1059 642 in

121 679 141 741 t
154 675 260 755 aliqua
273 694 329 735 sua
341 672 466 732 fortuna
479 667 606 749 publica
620 686 740 748 quoque
755 661 954 742 contingebat
974 683 1059 726 cura.

154 755 233 816 Tum
247 753 468 816 lectisternium
482 749 689 831 pertriduum
710 745 861 838 habitum,
876 742 1059 805 decemviris

153 855 308 897 sacrorum
332 832 519 896 curantibus.
560 831 623 892 Sex
643 828 820 910 pulvinaria
840 845 874 885 rn
894 833 1059 905 conspectu

153 915 295 977 fuerunt:
316 915 339 977 J
340 915 390 978 ovi
404 934 441 976 ac
454 913 477 977 J
479 913 573 974 unoui
587 932 693 986 unum,
706 910 840 972 alterum
853 905 1000 986 Neptuno
1021 927 1059 969 ac

153 994 323 1070 Minervae,
335 995 462 1058 tertium
482 993 578 1056 Marti
599 1013 635 1054 ao
649 992 775 1065 Veneri,
796 997 941 1070 quartum
961 987 1059 1069 Apol·

100 1079 140 1142 10
152 1075 211 1136 lini
224 1096 261 1138 ac
275 1075 405 1148 Dianae,
420 1077 562 1156 quintum
576 1073 721 1136 Vulcano
741 1094 779 1134 ac
792 1071 915 1144 Vestae,
934 1084 1058 1130 sextum

153 1156 306 1217 Mercurio
333 1165 364 1217 et
391 1155 502 1218 Ocreri.
555 1155 633 1216 Tum
669 1155 758 1216 aedes
788 1161 887 1214 votae
939 1149 1057 1213 Veneri

152 1235 307 1296 Erucinae
320 1236 425 1297 aedem
440 1237 479 1314 Q.
495 1235 612 1298 Fabius
635 1235 792 1296 Maximus
813 1234 946 1295 dictator
960 1232 1057 1305 vovit,

63 1363 65 1366 .
152 1316 225 1395 quia
237 1316 283 1378 ita
296 1336 337 1377 ex
350 1316 497 1378 fatalibus
511 1317 598 1378 libris
613 1316 730 1377 editum
744 1325 819 1389 erat,
832 1323 869 1375 ut
882 1314 907 1375 is
921 1321 1068 1386 voveret,

152 1397 239 1477 cujus
259 1397 430 1458 maximum
454 1398 618 1477 imperium
638 1397 672 1456 in
693 1396 819 1458 civitate
839 1404 933 1469 esset;
954 1392 1057 1454 Menti

99 1480 138 1542 15
151 1477 257 1537 aedem
271 1476 306 1540 T.
321 1475 472 1539 Otacilius
485 1487 608 1557 praetor
621 1477 717 1539 vovit.

191 1556 253 1618 XI.
304 1556 356 1618 Ita
384 1556 474 1618 rebus
501 1557 616 1620 divinis
642 1557 783 1638 peractis,
810 1565 878 1619 tum
903 1557 945 1620 de
971 1553 1056 1618 bello

150 1656 242 1716 reque
264 1637 330 1714 [de]
352 1636 478 1716 publica
498 1638 632 1700 dictator
651 1637 781 1712 rettulit,
796 1637 907 1719 quibus
920 1645 1057 1717 quotque

151 1715 321 1796 legionibus
338 1717 448 1780 victori
468 1717 549 1780 hosti
568 1719 693 1782 obviam
713 1719 849 1780 eundum
869 1738 932 1779 esse
952 1726 1056 1798 patres

151 1805 315 1858 censerent.
356 1796 533 1873 Decretum,
555 1807 592 1860 ut
614 1798 671 1860 ‘ab
695 1798 751 1860 On.
775 1798 906 1860 Servilio
931 1796 1056 1859 consule

97 1881 138 1944 20
151 1877 319 1938 exercitum
343 1879 505 1958 acciperet,
525 1880 672 1941 scriberet
695 1888 851 1960 praeterea
873 1899 913 1940 ex
934 1877 1055 1939 civibus

150 1958 299 2037 sociisque
321 1968 473 2038 quantum
496 1960 634 2040 equitum
659 1981 696 2020 ac
720 1961 858 2041 peditum
879 1958 1055 2031 videretur;

150 2047 252 2100 cetera
265 2041 368 2100 omnia
387 2048 492 2118 ageret
511 2041 686 2120 faceretque
699 2049 736 2101 ut
748 2060 765 2101 e
779 2060 812 2101 re
826 2040 950 2120 publiea
964 2037 1055 2098 duce·

149 2118 215 2180 ret'
256 2116 372 2179 Fabius
396 2119 473 2181 duas
495 2120 628 2200 legiones
652 2141 684 2182 se
707 2121 899 2202 adjectarum
921 2118 962 2180 ad
984 2118 1054 2180 Ser·

149 2199 301 2262 vilianum
313 2199 483 2260 exercitum
501 2201 591 2262 dixit.
634 2200 677 2262 Iis
696 2221 751 2281 per
771 2202 951 2280 magistrum
971 2199 1055 2278 equi·

96 2283 137 2345 25
150 2287 217 2340 tum
240 2279 361 2358 scriptis
385 2279 482 2341 Tibur
506 2281 587 2341 diem
611 2281 651 2342 ad
676 2281 917 2343 conveniendum
944 2279 1053 2341 edixit.

150 2359 322 2441 Edictoque
343 2362 507 2440 proposito,
527 2370 572 2435 ut,
594 2361 706 2441 quibus
730 2362 843 2441 oppida
867 2360 1055 2440 castellaque

149 2441 304 2503 inmunita
317 2451 423 2515 essent,
438 2450 473 2503 ut
487 2441 511 2501 ii
524 2442 760 2522 commigrarent
780 2442 813 2503 in
833 2442 901 2504 loca
922 2448 999 2514 tuta,
1012 2461 1055 2501 ex

150 2521 232 2600 agris
280 2541 380 2601 uoque
406 2521 614 2602 demigrarent
634 2524 731 2584 omnis
755 2523 885 2601 regionis
906 2523 970 2602 ejus
992 2541 1055 2600 qua

149 2601 247 2662 iturus
296 2601 422 2663 annibal
434 2613 518 2677 esset,
529 2604 617 2664 tectis
626 2604 711 2683 prius
722 2604 852 2664 incensis
865 2623 902 2664 ac
912 2601 1054 2680 frugibus

96 2682 137 2747 30
150 2683 310 2762 corruptis,
324 2702 363 2742 ne
384 2683 470 2763 cujus
483 2683 527 2744 rei
543 2685 631 2764 copia
651 2691 736 2757 esset,
751 2683 816 2763 ipse
829 2684 882 2746 via
895 2681 1054 2744 Flaminia

149 2761 302 2841 profectus
311 2763 432 2824 obviam
446 2762 563 2824 consuli
574 2764 778 2844 exercituque,
788 2784 856 2826 cum
867 2764 907 2825 ad
915 2762 1054 2824 Tiberim

149 2842 231 2903 circa
259 2841 439 2904 Ocriculum
467 2845 672 2923 prospexisset
698 2865 809 2924 agmen
836 2842 1054 2921 consulemque

148 2942 219 2985 cum
241 2923 393 3004 equitibus
414 2923 455 2984 ad
475 2943 507 2984 se
526 2926 779 3018 progredientem,
798 2925 946 2988 viatorem
967 2923 1054 2983 misit

148 3003 202 3083 qui
216 3005 334 3066 consuli
346 3003 512 3077 nuntiaret,
521 3013 557 3064 ut
570 3024 635 3064 srue
644 3003 804 3065 lictoribus
818 3005 858 3065 ad
870 3004 1053 3065 dictatorem

94 3084 275 3148 reveniret
328 3083 391 3161 Qui
419 3103 489 3144 cum
517 3083 599 3144 dicto
629 3084 788 3164 paruisset,
815 3102 1053 3164 congressusque

147 3184 253 3225 eorum
267 3165 422 3244 ingentem
434 3162 566 3242 speciem
576 3163 749 3224 dictaturae
762 3172 838 3244 aput
849 3165 930 3226 cives
944 3163 1053 3224 socios·

147 3264 207 3322 que
221 3251 373 3307 vetustate
394 3240 455 3302 'am
493 3262 566 3322 rope
584 3242 695 3303 oblitos
709 3244 773 3323 ejus
786 3244 907 3323 imperii
921 3243 1052 3316 fecisset,

146 3323 270 3384 litterae
290 3322 329 3383 ab
350 3264 426 3381 urbe
446 3263 570 3382 adlatae
589 3331 670 3395 sunt,
687 3343 780 3385 naves
798 3323 952 3384 onerarias
971 3343 1052 3384 com·

147 3411 282 3462 meatum
302 3401 343 3462 ab
364 3399 453 3462 Ostia
471 3400 504 3459 in
527 3401 714 3481 Hispaniam
734 3403 774 3463 ad
794 3403 963 3464 exereitum
982 3422 1051 3481 por·
