2628 3796
146 243 223 313 ’190
331 264 421 311 rrrr
447 265 546 314 u1v1
570 263 625 312 nu
651 264 766 314 vens
795 233 986 312 dounrru

209 421 346 501 equitum
374 419 537 482 Gallorum
564 420 835 500 Hispanorumque
863 420 986 482 laevum
1014 440 1111 482 cornu

209 522 280 563 cum
307 502 416 562 dextro
445 501 585 562 Romano
613 501 776 573 concurrit,
806 501 930 560 minime
963 501 1111 580 equestris

209 602 293 643 more
306 601 444 662 pugnae;
458 581 610 642 frontibus
623 581 705 641 enim
719 580 854 641 adversis
868 581 1112 641 concurrendum

209 671 284 736 erat,
300 663 382 741 quia,
396 661 483 721 nullo
504 661 586 722 circa
606 661 645 722 ad
667 660 860 738 evagandum
876 660 982 721 relicto
1000 680 1014 720 s
1037 661 1111 733 atio,

176 741 283 804 bhinc
303 741 410 814 amnis,
424 741 497 801 binc
513 741 651 821 peditum
672 741 752 801 acies
773 739 966 801 claudebant.
1007 681 1112 800 linde-
1159 789 1162 796 .

209 831 327 882 rectum
357 821 511 900 utrimque
544 821 684 894 nitentes,
711 819 863 880 stantibus
896 839 932 881 ac
966 819 1112 880 confertis

232 911 362 963 ostremo
381 900 474 962 turba
494 901 588 980 equis,
603 901 651 962 vir
669 901 771 962 virum
792 900 953 980 amplexus
973 899 1112 960 detrahe-

209 922 265 1042 bat
282 1001 368 1061 equo.
410 981 554 1042 Pedestre
573 1001 686 1060 magua
702 981 768 1060 jam
789 1000 829 1041 ex
849 989 936 1060 purte
957 988 1112 1041 certamen

210 1060 326 1122 factum
340 1069 422 1134 erat;
443 1061 543 1122 acrius
564 1070 666 1122 tamen
688 1079 780 1139 quam
801 1059 917 1121 diutius
938 1068 1111 1139 pugnatum

157 1141 196 1205 10
209 1149 264 1215 cet,
291 1141 430 1221 pulsique
458 1141 590 1202 Romani
618 1140 733 1220 equites
760 1148 847 1219 terga
870 1149 1002 1201 vertunt
1044 1139 1111 1200 Sub

209 1222 354 1300 equestris
369 1221 459 1281 finem
474 1221 648 1282 certaminis
668 1229 771 1282 coorta
785 1229 830 1281 est
843 1219 982 1299 peditum
996 1239 1111 1299 pugna,

209 1301 308 1381 primo
322 1310 352 1362 et
367 1301 482 1362 viribus
496 1311 527 1362 et
540 1302 650 1362 animis
663 1322 729 1381 par,
744 1300 819 1360 dum
834 1299 1015 1361 constabant
1029 1299 1109 1360 ordi·

208 1401 262 1441 nes
290 1380 391 1442 Gallis
419 1381 479 1442 His
501 1383 643 1462 auisque;
671 1380 796 1442 taudem
824 1380 967 1454 Romani,
991 1379 1045 1440 diu
1073 1400 1111 1442 ac

208 1480 299 1540 saepe
319 1461 423 1535 conisi,
444 1402 569 1541 obliqua
588 1462 688 1523 fronte
708 1462 833 1540 acieque
852 1460 947 1520 densa
971 1459 1112 1540 inpulere

156 1540 196 1602 15
209 1540 342 1602 hostium
366 1561 496 1602 cuneum
520 1542 611 1603 nimis
633 1551 756 1604 tenuem
783 1560 878 1620 eoque
900 1561 1010 1621 parum
1033 1539 1112 1601 vali·

210 1620 294 1694 dum,
307 1641 327 1682 a
339 1630 440 1682 cetera
453 1622 673 1702 prominentem
686 1623 760 1684 acie.
801 1621 937 1702 Inpulsis
951 1621 1061 1682 deinde
1074 1641 1112 1683 ac

209 1700 328 1780 trepide
351 1701 551 1763 referentibus
574 1703 682 1782 pedem
702 1702 847 1776 institere,
867 1721 904 1762 ac
925 1709 1029 1763 tenore
1049 1716 1112 1764 uno

209 1799 264 1859 per
284 1799 426 1860 praeceps
447 1801 560 1861 pavore
579 1782 763 1862 fugientium
787 1802 896 1864 agmen
920 1782 953 1843 in
978 1782 1112 1844 mediam

209 1860 343 1940 primum
366 1861 463 1922 aciem
487 1861 587 1937 inlati,
608 1872 759 1943 postremo
783 1863 869 1925 nullo
893 1863 1050 1925 resistente
1070 1863 1112 1925 ad

156 1941 196 2004 20
209 1939 343 2001 subsidia
356 1939 505 2002 Afrorum
519 1953 730 2023 pervenerunt,
745 1943 797 2024 qui
811 1944 965 2024 utrimque
978 1944 1113 2025 reductis

209 2020 266 2081 alis
287 2021 494 2096 constiterant,
507 2023 617 2097 media,
630 2044 693 2104 qua
707 2023 792 2086 Galli
813 2024 1006 2104 Hispanique
1024 2033 1113 2086 stete-

208 2109 288 2174 rant,
311 2101 505 2180 aliquantum
528 2105 718 2184 prominente
741 2105 815 2166 acie
858 2105 921 2182 Qui
942 2124 1055 2165 cuneus
1076 2113 1114 2166 ut

208 2181 314 2261 pulsus
327 2182 472 2261 aequavit
485 2183 615 2246 frontem
628 2185 771 2263 primum,
786 2184 856 2245 dein
871 2184 1005 2245 cedendo
1018 2185 1113 2245 etiam

207 2262 309 2322 sinum
323 2262 356 2322 in
369 2262 469 2324 medio
482 2263 577 2338 dedit,
585 2264 657 2325 Afri
671 2265 754 2327 circa
763 2266 829 2346 jam
840 2284 955 2326 cornua
966 2263 1112 2338 fecerant,

155 2344 194 2406 25
209 2341 460 2422 inruentibusque
479 2343 601 2406 incaute
621 2344 655 2406 in
675 2345 810 2406 medium
824 2344 971 2406 Romanis
984 2343 1114 2405 circum·

208 2421 318 2482 dedere
334 2421 416 2495 alas,
437 2443 510 2484 mox
530 2443 646 2486 cornua
665 2425 858 2487 extendendo
879 2425 1013 2486 clausere
1027 2433 1058 2485 et
1072 2424 1113 2486 ab
1172 2463 1175 2470 ·

207 2509 292 2580 tergo
320 2501 422 2564 hostis.
474 2503 560 2566 Hinc
587 2505 729 2578 Romani,
759 2505 896 2565 defuncti
924 2504 1113 2583 nequiquam

207 2581 324 2660 proelio
351 2601 421 2656 uuo,
449 2585 565 2646 omissis
600 2584 700 2646 Gallis
735 2585 951 2664 Hispanisque,
979 2603 1111 2663 quorum

207 2672 295 2739 terga
315 2662 495 2738 ceciderant,
517 2666 662 2727 adversus
683 2665 776 2726 Afros
800 2665 952 2743 integram
975 2683 1114 2744 pugnam

154 2745 194 2807 30
207 2740 324 2814 ineunt,
332 2761 394 2802 non
408 2752 528 2804 tantum
543 2765 578 2806 eo
592 2745 739 2824 iniquam,
748 2744 828 2838 quod
844 2743 954 2804 inclusi
967 2744 1114 2805 adversus

207 2819 414 2894 circumfusos,
428 2824 481 2884 sed
495 2825 587 2886 etiam
602 2825 684 2905 quod
703 2825 772 2886 fessi
794 2843 864 2886 cum
884 2823 1056 2885 recentibus
1075 2843 1114 2885 ac

206 2920 245 2963 ve
283 2901 322 2962 tis
336 2903 524 2981 pugnabant.

282 2981 405 3044 LVIII.
447 2983 469 3046 J
470 3005 519 3045 am
534 2993 565 3046 et
577 2983 700 3045 sinistro
720 3004 816 3045 cornu
837 2984 986 3057 Romano,
1001 2981 1054 3043 ubi
1069 3003 1114 3044 eo-

208 3060 325 3121 ciorum
345 3063 459 3140 equites
480 3065 625 3127 adversus
645 3063 798 3125 Numidas
817 3073 974 3136 steterant,
995 3083 1113 3124 conser-

156 3143 192 3200 35
207 3150 273 3200 tum
287 3142 437 3219 proelium
452 3153 526 3216 erat,
540 3165 631 3224 segne
645 3145 744 3224 primo
757 3154 789 3206 et
803 3165 821 3205 a
835 3144 953 3205 Punica
971 3152 1114 3222 coeptum

206 3220 323 3280 fraude.
366 3221 536 3302 Quingenti
564 3225 658 3284 ferme
686 3223 850 3298 Numidae,
874 3231 995 3303 praeter
1022 3223 1115 3284 sulita

206 3319 293 3359 arma
313 3299 436 3378 telaque
455 3303 574 3381 gladios
594 3303 729 3365 occultos
753 3304 811 3365 sub
835 3303 937 3364 loricis
957 3301 1113 3376 habentes,

205 3379 1115 3544 attrtfltftttttttttttittttttptulit?

604 3505 613 3535 2
1104 3507 1114 3536 θ
