2572 3790
462 227 596 274 arnna
621 229 647 294 1,
677 210 807 276 16-17.
1092 217 1136 282 33

177 382 295 465 regiam
305 383 394 458 vidit,
403 383 459 444 etsi
472 384 546 444 satis
560 383 703 445 credebat
714 384 863 464 patribus,
874 386 927 466 qui
939 391 1084 466 proxumi

177 473 335 537 steterant,
358 464 519 524 sublimem
547 473 670 543 raptum
699 464 845 544 procella,
870 476 973 527 tamen
998 471 1104 534 velut'

163 544 319 604 'orbitatis
341 555 423 605 metu
447 544 509 605 iota
530 555 679 604 maestum
709 544 901 623 aliquamdiu
930 549 1085 614 silentium

178 624 322 684 obtinuit.
364 624 493 697 Deinde,
515 644 535 684 a
555 625 661 703 paucis
687 624 776 684 initio
803 627 894 700 facto,
916 629 1007 692 deum
1028 634 1085 695 deo

178 715 297 778 natum,
318 723 420 786 regem
440 713 657 783 parentemque
679 704 763 764 urbis
788 706 947 772 Romanae
968 715 1086 776 salvere
1119 715 1139 777 5

180 785 314 845 universi
323 783 491 844 Romulum
497 783 608 864 jubent
613 805 622 856 ;
637 805 743 864 pacem
756 789 897 868 precibus
908 806 1085 874 exposcunt,

179 866 226 924 uti
241 864 346 926 volens
360 863 511 944 propitius
524 884 612 925 suam
627 885 690 926 sem
730 870 888 950 rsospitet
923 876 1085 954 rogeniem.

179 944 288 1006 Fuisse
312 945 401 1004 credo
426 952 492 1005 tum
518 964 639 1038 quoque
701 948 796 1028 iquos,
820 953 873 1032 qui
901 895 1087 1036 discerptum

179 1045 281 1104 regem
308 1035 431 1104 patrum
458 1024 600 1086 mambus
630 1029 719 1090 taciti
747 1043 927 1113 arguerent:
948 1037 1087 1097 manavit

180 1107 262 1167 enim
276 1105 352 1166 haee
366 1127 495 1191 quoque,
510 1106 563 1166 sed
580 1109 772 1189 perobscura,
787 1113 889 1187 fama;
910 1115 997 1176 illam
1014 1115 1087 1178 alte·
1102 1114 1142 1175 10

181 1207 248 1248 ram
262 1187 425 1282 admiratio
439 1188 500 1250 viri
516 1194 547 1248 et
561 1211 658 1271 pavor
673 1213 814 1272 praeseus
827 1194 1013 1259 nobilitavit

222 1270 266 1330 Et
280 1269 405 1330 oonsiho
420 1270 514 1332 etiam
530 1271 621 1332 unius
643 1273 777 1334 hominis
796 1275 903 1336 addita
916 1276 961 1336 rei
974 1275 1088 1337 dieitur

180 1352 262 1414 fides.
303 1351 460 1432 Namque·
476 1351 626 1414 Proculus
657 1353 773 1429 Julius,
800 1355 932 1416 sollicita
962 1357 1088 1418 civitate

181 1431 331 1494 desiderio
345 1433 423 1512 regis
440 1442 472 1495 et
485 1433 603 1494 infensa
615 1433 764 1515 patribus,
774 1435 886 1516 gravis,
896 1445 933 1496 ut
944 1437 1087 1509 traditur,

181 1513 323 1594 quamvis
351 1533 481 1594 magnae
511 1515 700 1590 reitauetor,
723 1514 757 1575 in
781 1515 952 1576 contionem
976 1515 1087 1594 prodit
1102 1513 1142 1574 15

184 1594 390 1668 “Romulus'’
418 1595 527 1676 iuquit,
553 1601 571 1627 “
581 1596 727 1673 Quirites,
748 1615 858 1675 parens
881 1595 966 1656 urbis
987 1595 1088 1675 hujus,

181 1679 284 1758 prima
301 1676 450 1738 hodierna
472 1677 541 1737 luce
563 1676 647 1738 caelo
667 1685 791 1755 repente
812 1675 953 1754 delapsus
966 1695 997 1736 se
1011 1675 1089 1736 mihi

181 1758 307 1823 obvium
322 1758 415 1819 dedit.
459 1757 539 1818 Cum
559 1757 698 1836 perfusus
718 1756 843 1816 horrore
855 1754 1088 1817 venerabundus

182 1840 375 1912 adstitissem,
398 1847 503 1919 petens
534 1837 684 1917 precibus,
705 1845 741 1896 ut
768 1844 875 1896 eontra
901 1835 1014 1896 intueri
1041 1836 1088 1896 fas

182 1929 277 1982 esset:
300 1919 377 1991 ‘abi,
397 1918 525 1992 nuntia,'
549 1918 660 1998 inquit,
686 1915 859 1988 ‘Romanis
881 1915 1022 1977 caelestes
1043 1916 1088 1976 ita
1102 1913 1142 1976 Ὦ

183 2002 273 2075 velle,
281 2010 318 2062 ut
331 2021 399 2062 mea
410 2001 510 2061 Roma
526 2006 620 2078 eaput
634 1996 715 2058 orbis
728 2005 878 2056 terrarum
889 1995 945 2068 sit;
960 1995 1088 2074 proinde

182 2103 247 2143 rem
268 2081 432 2142 militarem
454 2079 568 2153 colant,
588 2078 745 2156 sciantque
766 2076 862 2137 etita
882 2075 1008 2154 posteris
1027 2084 1088 2135 tra·

183 2164 269 2236 dant,
283 2162 384 2223 nullas
405 2181 476 2241 opes
499 2161 650 2220 humanas
670 2157 763 2218 armis
785 2155 932 2216 Romanis
951 2155 1089 2216 resistere

182 2243 287 2324 posse?
328 2242 442 2305 Haec''
460 2242 561 2322 inquit
575 2238 722 2299 “locutus
736 2235 874 2296 sublimis
889 2235 994 2296 abiit.”
1030 2234 1089 2295 Mi·

182 2345 252 2386 rum
273 2333 422 2403 quantum
443 2323 491 2385 illi
516 2323 582 2383 viro
611 2318 767 2379 nuntianti
795 2317 871 2376 haec
892 2315 963 2376 fidei
986 2314 1087 2388 suerit,
1103 2312 1142 2374 25

182 2425 336 2485 quamque
347 2405 530 2466 desiderium
543 2399 669 2464 Romuli
682 2396 764 2478 apud
777 2395 896 2476 plebem
908 2395 1088 2456 exercitum-

183 2505 244 2564 que
258 2484 339 2546 facta
353 2485 412 2545 fide
427 2483 657 2545 inmortalitatis
672 2479 801 2539 lenitum
816 2475 864 2536 sit.

224 2565 336 2627 XVII.
378 2563 519 2631 Petrum,
535 2563 656 2624 interim
687 2559 804 2619 animos
827 2564 979 2616 certamen
1002 2555 1088 2634 regui

183 2665 220 2706 ao
235 2645 347 2724 cupido
360 2645 519 2717 versabat3
541 2643 671 2704 necdum
692 2639 732 2700 ad
755 2636 900 2717 singulos,
914 2636 987 2714 quia
1000 2656 1089 2695 nemo

183 2745 369 2804 magnopere
395 2723 548 2786 eminebat
575 2724 608 2784 in
636 2743 716 2783 novo
746 2717 869 2799 populo,
888 2725 1087 2857 perveneram
1103 2716 1142 2775 30

183 2805 369 2866 factionibus
395 2806 476 2866 inter
502 2805 622 2866 ordines
652 2800 837 2863 certabatur.
918 2796 1021 2856 riundi
1049 2795 1087 2855 ab

183 2884 316 2960 Sabinis,
329 2905 377 2959 ne,
391 2885 465 2965 quia
478 2892 547 2964 post
559 2883 630 2945 Tati
645 2891 774 2943 mortem
776 2877 835 3038 {b
853 2885 1011 2971 sua-parte
1027 2894 1088 2935 uon

183 2973 251 3026 erat
271 2975 442 3046 regnatum,
457 2965 490 3025 in
511 2964 654 3026 societate
677 2981 775 3040 aequa
819 2975 1011 3019 ossessionem
1034 2955 1088 3014 im·

222 3045 262 3106 rii
276 3047 461 3119 amitterent,
474 3045 522 3106 sui
535 3043 669 3138 corporis
690 3040 787 3102 creari
809 3058 911 3118 regem
926 3035 1088 3107 volebant3

182 3065 319 3188 fflmaui
341 3135 457 3190 veteres
484 3143 677 3204 peregrinum
706 3140 807 3200 regem
836 3117 1088 3197 aspernabantur.
1103 3115 1142 3176 35

184 3205 222 3268 In
234 3207 329 3270 variis
339 3204 551 3270 voluntatibus
565 3202 686 3282 regnari
701 3209 803 3262 tamen
819 3218 922 3258 omnes
933 3195 1089 3267 volebant,

184 3287 336 3348 libertatis
350 3285 512 3347 dulcedine
525 3283 660 3344 nondum
675 3289 811 3359 experta.
854 3277 958 3336 Tirnor
979 3275 1090 3334 deiude

185 3375 286 3444 patres
305 3366 436 3438 incessit,
450 3385 489 3424 ne
503 3363 661 3424 civitatem
682 3359 747 3419 siue
767 3357 904 3435 imperio,
920 3353 1089 3414 exercitum

184 3445 250 3506 aine
264 3444 528 3571 dpcepnultarum
539 3442 622 3502 eirca
633 3438 805 3500 eivitatium
820 3432 953 3494 inritatis
969 3429 1088 3498 animis,

310 3552 344 3560 —
374 3540 429 3587 rvy.
