2616 3790
158 189 201 254 94
324 205 415 251 r1r1
443 201 622 254 a1v1sn
650 203 767 253 vann
794 202 989 252 eorunm

212 361 299 422 miles
312 358 509 433 Hannibalis,
525 367 656 422 ceterum
670 359 794 440 publico
807 359 985 438 Saguntinis
997 359 1115 422 amicus

213 450 305 519 atque
332 440 447 519 hospes.
488 438 615 500 Tradito
642 440 745 519 palam
768 439 830 500 telo
852 439 1027 501 custodibus
1049 439 1115 500 hos·

213 521 300 594 tium,
315 529 517 596 transgressus
537 519 727 580 munimenta
747 519 787 580 ad
830 528 976 580 restorem
998 519 1116 599 Sagun·

213 602 314 662 tinum
332 603 378 738 pst
397 598 462 678 ipse
481 598 527 659 ita
542 598 687 678 jubebat)
702 598 782 659 cstd
821 609 917 660 nctus.
959 599 1116 675 Quocum

181 681 369 759 bcxtempo
397 698 559 739 concursus
586 679 683 739 omnis
710 679 828 758 generis
856 678 1015 740 hominum
1039 688 1117 739 esset

213 761 322 833 iactus,
341 758 482 820 submota
506 765 606 836 cetera
629 757 838 833 multitudine,
857 768 980 820 senatus
1000 758 1117 820 Alorco

215 841 305 901 datus
324 847 378 913 est,
399 838 485 900 cu'us
505 837 577 898 talis
597 839 694 898 oratio
714 838 791 899 fuit:

255 917 352 980 Xlll.
394 859 454 980 “di
480 917 557 980 civis
584 927 684 980 vester
711 918 800 992 Alco,
826 918 906 980 sicut
940 919 980 980 ad
1007 939 1115 1013 pacem

215 999 376 1080 petendam
390 998 430 1059 ad
444 997 655 1059 Hannibalem
666 998 759 1071 venit,
770 999 815 1059 ita
828 999 911 1078 pacis
926 999 1118 1061 condiciones

163 1079 202 1142 10
216 1080 256 1141 ab
278 1077 456 1140 Hannibale
475 1078 517 1139 ad
530 1097 584 1140 vos
605 1078 765 1151 retulisset,
780 1098 1040 1158 supervacaneum
1059 1079 1119 1140 hoc

215 1159 292 1220 mibi
319 1158 425 1220 fuisset
450 1158 518 1231 iter,
546 1178 606 1238 quo
633 1177 690 1219 uec
717 1167 820 1219 orator
847 1158 1035 1220 Hannibalis
1062 1178 1119 1220 nac

215 1238 374 1318 transfuga
394 1238 508 1301 advos
528 1239 616 1312 veni;
637 1237 689 1299 scd
711 1258 782 1299 cum
802 1237 855 1298 ille
875 1250 931 1300 aut
944 1251 1047 1300 vestra
1064 1248 1119 1300 aut

215 1339 272 1380 sua
297 1319 389 1398 culpa
415 1319 561 1380 manserit
588 1318 671 1398 apud
700 1317 816 1379 hostem
846 1321 925 1393 (sua,
948 1319 973 1380 si
1001 1327 1119 1380 metum

214 1399 382 1471 simulavit,
406 1407 516 1472 vestra,
540 1398 565 1458 si
590 1399 760 1478 periculum
788 1407 833 1460 cst
860 1401 945 1480 apud
967 1420 1023 1462 vos
1044 1419 1120 1462 vora

164 1478 203 1542 15
217 1477 441 1552 referentibus),
452 1498 516 1557 ogo,
528 1499 566 1539 ne
576 1479 756 1558 ignoraretis
767 1499 829 1540 esse
839 1479 958 1559 aliquus
968 1491 999 1542 et
1012 1480 1121 1541 salutis

217 1568 249 1620 ct
262 1559 343 1638 pacis
357 1557 444 1620 vobis
464 1558 665 1633 condiciones,
679 1579 733 1636 pro
748 1569 867 1623 vetusto
882 1561 1022 1640 bospitio,
1038 1559 1120 1639 quod

198 1639 293 1716 ‚mihi
306 1638 463 1701 vobiscum
476 1647 530 1712 est,
543 1637 583 1698 ad
597 1659 651 1701 vos
665 1640 744 1701 veni.
786 1638 899 1703 Vestra
912 1652 1014 1702 autem
1029 1661 1121 1702 causa

217 1739 275 1792 me,
289 1738 345 1779 nec
366 1717 459 1778 ullius
480 1718 614 1792 alterius,
628 1718 713 1800 loqui
728 1741 806 1800 quae
827 1721 935 1802 loquor
956 1723 1039 1804 apud
1056 1744 1120 1798 vos,

218 1799 268 1860 vel
296 1818 333 1859 ca
358 1798 432 1859 fides
459 1797 508 1872 sit,
536 1798 619 1878 quod
646 1819 744 1893 noque
771 1802 845 1863 dum
871 1805 977 1866 vestris
1001 1805 1121 1868 viribus

166 1879 205 1943 20
217 1879 377 1951 restitistis,
393 1898 489 1959 neque
510 1878 584 1938 dum
604 1880 725 1941 auxilia
744 1882 784 1943 ab
804 1884 951 1945 Romanis
969 1887 1121 1966 sperastis,

218 1959 302 2039 pacis
316 1976 460 2038 umquam
474 1958 558 2037 apud
572 1979 625 2020 vos
639 1961 823 2024 mentionem
843 1964 911 2026 feci.
953 1967 1121 2047 Postquam

218 2060 274 2100 nec
295 2038 334 2099 ab
355 2038 502 2099 Romanis
514 2039 601 2101 vobis
621 2038 687 2101 ulla
707 2051 752 2104 est
770 2064 847 2124 spcs,
869 2066 924 2108 nec
945 2057 1047 2109 vestra
1066 2068 1121 2110 vos

220 2121 286 2199 jam
310 2128 365 2180 aut
387 2138 474 2180 arma
497 2128 552 2180 ant
574 2121 695 2182 moenia
717 2124 790 2185 satis
814 2125 992 2202 defendunt,
1014 2149 1121 2208 pacem

220 2200 323 2260 adfero
351 2198 391 2260 ad
418 2219 472 2262 vos
505 2199 602 2278 magis
636 2205 836 2265 necessariam
862 2227 954 2286 quam
982 2228 1120 2288 aequam.

166 2281 207 2346 25
219 2279 315 2360 Cujus
329 2278 373 2340 ita
387 2278 491 2358 aliqua
509 2299 579 2359 spes,
589 2289 643 2355 est,
657 2281 774 2358 sicam,
788 2305 878 2364 quem
892 2289 932 2348 ad
948 2289 1070 2350 modum
1086 2296 1122 2350 ut

220 2360 320 2422 victor
332 2359 391 2422 fert
405 2359 575 2433 Hannibal,
588 2361 633 2423 sic
646 2381 700 2424 vos
714 2373 749 2425 ut
762 2365 838 2427 victi
857 2367 996 2441 audietis,
1011 2379 1042 2429 et
1059 2389 1121 2429 non

220 2440 253 2500 id
267 2440 348 2518 quod
362 2439 513 2500 amittitur
526 2440 558 2500 in
574 2441 696 2517 damno,
711 2463 781 2504 oum
794 2447 898 2507 omnia
911 2448 1036 2509 victoris
1049 2450 1121 2521 sint,

220 2521 273 2580 sed
292 2519 441 2600 quidquid
461 2519 646 2600 relinquitur
666 2542 722 2602 pro
742 2544 875 2599 munere,
891 2527 1025 2588 babituri
1041 2530 1121 2590 estis.

220 2599 338 2662 Urbem
349 2597 444 2671 vobis,
475 2619 547 2660 uam
560 2621 600 2662 ox
614 2621 728 2680 magna
736 2615 827 2684 parte
841 2606 985 2681 dirutam,
999 2619 1122 2688 captam

169 2680 283 2742 aufere
304 2687 400 2740 totam
410 2619 522 2771 babet,
537 2680 655 2756 adimit,
669 2702 757 2762 agros
777 2685 855 2746 rolin
877 2687 933 2760 uit,
948 2688 1049 2749 locum
1070 2689 1122 2749 ad-

220 2760 395 2839 signaturus
408 2779 442 2818 m
456 2779 516 2838 quo
530 2780 644 2822 novum
655 2763 800 2842 oppidum
816 2785 835 2826 a
874 2767 997 2830 ifiootis:
1011 2788 1123 2829 aurum

221 2849 252 2900 et
278 2846 438 2918 argentum
465 2859 564 2913 omne,
591 2840 751 2920 publicum
778 2845 1003 2927 privatumque,
1024 2848 1065 2908 ad
1091 2868 1123 2910 so

221 2919 311 3000 jubet
323 2918 451 2980 deferri:
466 2939 593 2999 corpora
606 2931 717 2995 vestra,
728 2925 892 3005 conjugum
905 2947 943 2988 ac
956 2927 1123 2989 liberorum

221 3008 399 3072 vestrorum,
413 3007 515 3060 servat
528 2999 686 3074 inviolata,
697 3002 723 3062 si
737 3003 866 3066 inermes
881 3027 951 3066 cum
965 3006 1046 3069 binis
1058 3029 1123 3071 ves·

169 3079 208 3140 35
222 3078 357 3139 timentis
370 3078 471 3140 velitis
486 3078 525 3139 ab
538 3078 676 3159 Sagunto
689 3082 781 3144 exire.
816 3084 904 3146 Haec
915 3088 1015 3150 victor
1027 3088 1123 3150 hostis

222 3159 369 3238 imperat;
390 3158 474 3231 haec,
510 3178 675 3238 uamquam
689 3173 760 3224 suut
774 3167 883 3243 gravia
897 3177 989 3246 atque
1003 3167 1123 3242 acerba,

221 3237 345 3298 fortuna
353 3247 456 3299 vestra
466 3258 505 3299 vo
527 3239 552 3300 is
565 3239 680 3301 suadet.
717 3242 875 3323 ¹Equidem
889 3247 973 3307 haud
988 3248 1123 3328 despero,

222 3338 292 3378 cum
313 3318 448 3379 omnium
469 3327 599 3397 potestas
619 3319 648 3380 ei
667 3319 750 3383 facta
769 3325 818 3397 sit,
833 3325 950 3405 aliquid
965 3349 1004 3389 ex
1018 3329 1066 3389 his
1080 3349 1124 3389 rc·

221 3397 278 3460 bus
292 3397 504 3471 remissurum
519 3397 571 3458 sed
582 3398 632 3460 vel
646 3400 722 3462 baec
735 3404 882 3482 patienda
894 3426 1009 3482 censeo,
1023 3409 1123 3488 potius
