<?xml version="1.0" encoding="UTF-8"?>
<!DOCTYPE html PUBLIC "-//W3C//DTD XHTML 1.0 Transitional//EN"
    "http://www.w3.org/TR/xhtml1/DTD/xhtml1-transitional.dtd">
<html xmlns="http://www.w3.org/1999/xhtml" xml:lang="en" lang="en">
 <head>
  <title>
</title>
<meta http-equiv="Content-Type" content="text/html;charset=utf-8" />
  <meta name='ocr-system' content='tesseract 3.04.00' />
  <meta name='ocr-capabilities' content='ocr_page ocr_carea ocr_par ocr_line ocrx_word'/>
</head>
<body>
  <div class='ocr_page' id='page_1' title='image "./historieslivybo00chasgoog_0193.png"; bbox 0 0 2628 3796; ppageno 0'>
   <div class='ocr_carea' id='block_1_1' title="bbox 145 205 973 282">
    <p class='ocr_par' dir='ltr' id='par_1_1' title="bbox 145 205 973 282">
     <span class='ocr_line' id='line_1_1' title="bbox 145 205 973 282; baseline 0.007 -13"><span class='ocrx_word' id='word_1_1' title='bbox 145 205 207 270; x_wconf 90' lang='lat'>186</span> <span class='ocrx_word' id='word_1_2' title='bbox 302 223 401 271; x_wconf 64' lang='lat' dir='ltr'>»rm</span> <span class='ocrx_word' id='word_1_3' title='bbox 424 224 523 282; x_wconf 47' lang='lat' dir='ltr'>,mvr</span> <span class='ocrx_word' id='word_1_4' title='bbox 550 224 605 272; x_wconf 77' lang='lat' dir='ltr'>ss</span> <span class='ocrx_word' id='word_1_5' title='bbox 631 225 748 275; x_wconf 77' lang='lat' dir='ltr'>vasu</span> <span class='ocrx_word' id='word_1_6' title='bbox 779 227 973 275; x_wconf 73' lang='lat' dir='ltr'>counrrs</span> 
     </span>
    </p>
   </div>
   <div class='ocr_carea' id='block_1_2' title="bbox 134 374 1120 2549">
    <p class='ocr_par' dir='ltr' id='par_1_2' title="bbox 134 374 1120 2549">
     <span class='ocr_line' id='line_1_2' title="bbox 196 374 1120 461; baseline 0.009 -22"><span class='ocrx_word' id='word_1_7' title='bbox 196 377 290 439; x_wconf 89' lang='lat' dir='ltr'>hostis</span> <span class='ocrx_word' id='word_1_8' title='bbox 304 398 340 439; x_wconf 89' lang='lat' dir='ltr'>ac</span> <span class='ocrx_word' id='word_1_9' title='bbox 354 380 492 458; x_wconf 90' lang='lat' dir='ltr'>protinus</span> <span class='ocrx_word' id='word_1_10' title='bbox 507 389 605 442; x_wconf 89' lang='lat' dir='ltr'>eastra</span> <span class='ocrx_word' id='word_1_11' title='bbox 620 381 801 461; x_wconf 89' lang='lat' dir='ltr'>diripienda.</span> <span class='ocrx_word' id='word_1_12' title='bbox 843 383 886 445; x_wconf 86' lang='lat' dir='ltr'>Et</span> <span class='ocrx_word' id='word_1_13' title='bbox 900 383 1007 445; x_wconf 90' lang='lat' dir='ltr'>consul</span> <span class='ocrx_word' id='word_1_14' title='bbox 1021 385 1102 447; x_wconf 90' lang='lat' dir='ltr'>alter</span> <span class='ocrx_word' id='word_1_15' title='bbox 1117 374 1120 382; x_wconf 31' lang='lat'><strong>¹</strong></span> 
     </span>
     <span class='ocr_line' id='line_1_3' title="bbox 196 459 1102 546; baseline 0.008 -26"><span class='ocrx_word' id='word_1_16' title='bbox 196 459 282 520; x_wconf 90' lang='lat' dir='ltr'>velut</span> <span class='ocrx_word' id='word_1_17' title='bbox 296 480 373 519; x_wconf 92' lang='lat' dir='ltr'>unus</span> <span class='ocrx_word' id='word_1_18' title='bbox 387 460 496 521; x_wconf 81' lang='lat' dir='ltr'>turbae</span> <span class='ocrx_word' id='word_1_19' title='bbox 510 461 652 523; x_wconf 90' lang='lat' dir='ltr'>militaris</span> <span class='ocrx_word' id='word_1_20' title='bbox 666 473 749 536; x_wconf 88' lang='lat' dir='ltr'>erat;</span> <span class='ocrx_word' id='word_1_21' title='bbox 770 463 887 524; x_wconf 89' lang='lat' dir='ltr'>Paulus</span> <span class='ocrx_word' id='word_1_22' title='bbox 900 464 992 524; x_wconf 90' lang='lat' dir='ltr'>etiam</span> <span class='ocrx_word' id='word_1_23' title='bbox 1007 476 1102 546; x_wconf 88' lang='lat' dir='ltr'>atque</span> 
     </span>
     <span class='ocr_line' id='line_1_4' title="bbox 196 540 1099 624; baseline 0.009 -24"><span class='ocrx_word' id='word_1_24' title='bbox 196 540 289 600; x_wconf 88' lang='lat' dir='ltr'>etiam</span> <span class='ocrx_word' id='word_1_25' title='bbox 313 540 422 613; x_wconf 85' lang='lat' dir='ltr'><strong>dicere,</strong></span> <span class='ocrx_word' id='word_1_26' title='bbox 444 541 667 623; x_wconf 91' lang='lat' dir='ltr'>providendum</span> <span class='ocrx_word' id='word_1_27' title='bbox 688 543 994 624; x_wconf 86' lang='lat' dir='ltr'>praecavendumque</span> <span class='ocrx_word' id='word_1_28' title='bbox 1018 567 1099 621; x_wconf 86' lang='lat' dir='ltr'>esse;</span> 
     </span>
     <span class='ocr_line' id='line_1_5' title="bbox 196 619 1100 703; baseline 0.009 -23"><span class='ocrx_word' id='word_1_29' title='bbox 196 629 357 699; x_wconf 90' lang='lat' dir='ltr'>postremo,</span> <span class='ocrx_word' id='word_1_30' title='bbox 373 639 443 688; x_wconf 91' lang='lat' dir='ltr'>cum</span> <span class='ocrx_word' id='word_1_31' title='bbox 457 619 546 683; x_wconf 88' lang='lat' dir='ltr'>aliter</span> <span class='ocrx_word' id='word_1_32' title='bbox 558 642 657 701; x_wconf 90' lang='lat' dir='ltr'>neque</span> <span class='ocrx_word' id='word_1_33' title='bbox 670 622 850 684; x_wconf 80' lang='lat' dir='ltr'>seditionem</span> <span class='ocrx_word' id='word_1_34' title='bbox 871 644 969 703; x_wconf 90' lang='lat' dir='ltr'>neque</span> <span class='ocrx_word' id='word_1_35' title='bbox 989 625 1100 687; x_wconf 89' lang='lat' dir='ltr'>ducem</span> 
     </span>
     <span class='ocr_line' id='line_1_6' title="bbox 162 699 1100 787; baseline 0.006 -26"><span class='ocrx_word' id='word_1_36' title='bbox 162 699 351 761; x_wconf 79' lang='lat' dir='ltr'>bseditionis</span> <span class='ocrx_word' id='word_1_37' title='bbox 374 700 521 761; x_wconf 88' lang='lat' dir='ltr'>sustinere</span> <span class='ocrx_word' id='word_1_38' title='bbox 541 701 650 780; x_wconf 79' lang='lat' dir='ltr'>posset,</span> <span class='ocrx_word' id='word_1_39' title='bbox 671 701 807 762; x_wconf 92' lang='lat' dir='ltr'>Marium</span> <span class='ocrx_word' id='word_1_40' title='bbox 832 703 991 765; x_wconf 77' lang='lat' dir='ltr'>Statilium</span> <span class='ocrx_word' id='word_1_41' title='bbox 1014 727 1100 787; x_wconf 85' lang='lat' dir='ltr'>prse-</span> 
     </span>
     <span class='ocr_line' id='line_1_7' title="bbox 195 779 1100 864; baseline 0.009 -24"><span class='ocrx_word' id='word_1_42' title='bbox 195 779 308 840; x_wconf 87' lang='lat' dir='ltr'>fectum</span> <span class='ocrx_word' id='word_1_43' title='bbox 324 800 394 840; x_wconf 93' lang='lat' dir='ltr'>curn</span> <span class='ocrx_word' id='word_1_44' title='bbox 407 788 510 840; x_wconf 90' lang='lat' dir='ltr'>turma</span> <span class='ocrx_word' id='word_1_45' title='bbox 523 780 652 842; x_wconf 88' lang='lat' dir='ltr'>Lucana</span> <span class='ocrx_word' id='word_1_46' title='bbox 668 781 864 861; x_wconf 87' lang='lat' dir='ltr'>exploratum</span> <span class='ocrx_word' id='word_1_47' title='bbox 886 786 991 847; x_wconf 85' lang='lat' dir='ltr'>mittit</span> <span class='ocrx_word' id='word_1_48' title='bbox 1033 786 1100 864; x_wconf 73' lang='lat' dir='ltr'>Qui</span> 
     </span>
     <span class='ocr_line' id='line_1_8' title="bbox 196 859 1100 940; baseline 0.008 -20"><span class='ocrx_word' id='word_1_49' title='bbox 196 860 250 921; x_wconf 93' lang='lat' dir='ltr'>ubi</span> <span class='ocrx_word' id='word_1_50' title='bbox 271 859 461 940; x_wconf 85' lang='lat' dir='ltr'>adequitavit</span> <span class='ocrx_word' id='word_1_51' title='bbox 481 861 585 939; x_wconf 89' lang='lat' dir='ltr'>portis,</span> <span class='ocrx_word' id='word_1_52' title='bbox 609 861 771 924; x_wconf 81' lang='lat' dir='ltr'>subsistere</span> <span class='ocrx_word' id='word_1_53' title='bbox 796 866 892 925; x_wconf 84' lang='lat' dir='ltr'>extra</span> <span class='ocrx_word' id='word_1_54' title='bbox 908 866 1100 928; x_wconf 89' lang='lat' dir='ltr'>munimenta</span> 
     </span>
     <span class='ocr_line' id='line_1_9' title="bbox 195 939 1098 1023; baseline 0.006 -21"><span class='ocrx_word' id='word_1_55' title='bbox 195 941 302 1002; x_wconf 89' lang='lat' dir='ltr'>ceteris</span> <span class='ocrx_word' id='word_1_56' title='bbox 317 941 416 1020; x_wconf 85' lang='lat' dir='ltr'>jussis,</span> <span class='ocrx_word' id='word_1_57' title='bbox 431 939 495 1019; x_wconf 92' lang='lat' dir='ltr'>ipse</span> <span class='ocrx_word' id='word_1_58' title='bbox 516 961 585 1001; x_wconf 91' lang='lat' dir='ltr'>cum</span> <span class='ocrx_word' id='word_1_59' title='bbox 607 941 725 1003; x_wconf 89' lang='lat' dir='ltr'>duobus</span> <span class='ocrx_word' id='word_1_60' title='bbox 746 943 899 1023; x_wconf 90' lang='lat' dir='ltr'>equitibus</span> <span class='ocrx_word' id='word_1_61' title='bbox 913 945 1031 1006; x_wconf 86' lang='lat' dir='ltr'>vallum</span> <span class='ocrx_word' id='word_1_62' title='bbox 1052 947 1098 1007; x_wconf 91' lang='lat' dir='ltr'>in·</span> 
     </span>
     <span class='ocr_line' id='line_1_10' title="bbox 195 1020 1099 1100; baseline 0.004 -18"><span class='ocrx_word' id='word_1_63' title='bbox 195 1022 298 1094; x_wconf 80' lang='lat' dir='ltr'>travit,</span> <span class='ocrx_word' id='word_1_64' title='bbox 313 1020 545 1100; x_wconf 78' lang='lat' dir='ltr'>speculatusque</span> <span class='ocrx_word' id='word_1_65' title='bbox 562 1022 666 1082; x_wconf 89' lang='lat' dir='ltr'>omnia</span> <span class='ocrx_word' id='word_1_66' title='bbox 686 1043 756 1083; x_wconf 92' lang='lat' dir='ltr'>cum</span> <span class='ocrx_word' id='word_1_67' title='bbox 778 1044 853 1084; x_wconf 86' lang='lat' dir='ltr'>cura</span> <span class='ocrx_word' id='word_1_68' title='bbox 873 1026 1039 1100; x_wconf 85' lang='lat' dir='ltr'>renuntiat,</span> <span class='ocrx_word' id='word_1_69' title='bbox 1053 1027 1099 1086; x_wconf 89' lang='lat' dir='ltr'>in-</span> 
     </span>
     <span class='ocr_line' id='line_1_11' title="bbox 143 1101 1098 1185; baseline 0.006 -23"><span class='ocrx_word' id='word_1_70' title='bbox 143 1101 286 1165; x_wconf 73' lang='lat' dir='ltr'>residias</span> <span class='ocrx_word' id='word_1_71' title='bbox 306 1101 441 1180; x_wconf 83' lang='lat' dir='ltr'>profecto</span> <span class='ocrx_word' id='word_1_72' title='bbox 462 1121 540 1174; x_wconf 89' lang='lat' dir='ltr'>esse;</span> <span class='ocrx_word' id='word_1_73' title='bbox 562 1102 647 1182; x_wconf 87' lang='lat' dir='ltr'>ignes</span> <span class='ocrx_word' id='word_1_74' title='bbox 667 1103 699 1162; x_wconf 91' lang='lat' dir='ltr'>in</span> <span class='ocrx_word' id='word_1_75' title='bbox 720 1113 808 1183; x_wconf 90' lang='lat' dir='ltr'>parte</span> <span class='ocrx_word' id='word_1_76' title='bbox 826 1113 1005 1178; x_wconf 86' lang='lat' dir='ltr'>castrorum,</span> <span class='ocrx_word' id='word_1_77' title='bbox 1018 1126 1098 1185; x_wconf 87' lang='lat' dir='ltr'>quae</span> 
     </span>
     <span class='ocr_line' id='line_1_12' title="bbox 194 1181 1098 1265; baseline 0.003 -22"><span class='ocrx_word' id='word_1_78' title='bbox 194 1190 301 1261; x_wconf 87' lang='lat' dir='ltr'>vergat</span> <span class='ocrx_word' id='word_1_79' title='bbox 325 1181 365 1242; x_wconf 93' lang='lat' dir='ltr'>ad</span> <span class='ocrx_word' id='word_1_80' title='bbox 389 1182 515 1255; x_wconf 91' lang='lat' dir='ltr'>bostem,</span> <span class='ocrx_word' id='word_1_81' title='bbox 537 1184 674 1256; x_wconf 89' lang='lat' dir='ltr'>relictos;</span> <span class='ocrx_word' id='word_1_82' title='bbox 703 1185 904 1245; x_wconf 86' lang='lat' dir='ltr'>tabernacula</span> <span class='ocrx_word' id='word_1_83' title='bbox 931 1194 1039 1265; x_wconf 89' lang='lat' dir='ltr'>aperta</span> <span class='ocrx_word' id='word_1_84' title='bbox 1065 1196 1098 1248; x_wconf 93' lang='lat' dir='ltr'>et</span> 
     </span>
     <span class='ocr_line' id='line_1_13' title="bbox 194 1262 1097 1345; baseline 0.004 -22"><span class='ocrx_word' id='word_1_85' title='bbox 194 1263 296 1323; x_wconf 89' lang='lat' dir='ltr'>omnia</span> <span class='ocrx_word' id='word_1_86' title='bbox 310 1281 382 1322; x_wconf 87' lang='lat' dir='ltr'>cara</span> <span class='ocrx_word' id='word_1_87' title='bbox 395 1262 429 1321; x_wconf 92' lang='lat' dir='ltr'>in</span> <span class='ocrx_word' id='word_1_88' title='bbox 442 1273 585 1342; x_wconf 91' lang='lat' dir='ltr'>promptu</span> <span class='ocrx_word' id='word_1_89' title='bbox 600 1263 726 1336; x_wconf 83' lang='lat' dir='ltr'>relicta;</span> <span class='ocrx_word' id='word_1_90' title='bbox 739 1275 898 1345; x_wconf 88' lang='lat' dir='ltr'>argeutum</span> <span class='ocrx_word' id='word_1_91' title='bbox 911 1264 1097 1345; x_wconf 89' lang='lat' dir='ltr'>quibusdam</span> 
     </span>
     <span class='ocr_line' id='line_1_14' title="bbox 192 1341 1096 1425; baseline 0.002 -21"><span class='ocrx_word' id='word_1_92' title='bbox 192 1341 268 1412; x_wconf 90' lang='lat' dir='ltr'>locis</span> <span class='ocrx_word' id='word_1_93' title='bbox 289 1351 401 1404; x_wconf 87' lang='lat' dir='ltr'>temere</span> <span class='ocrx_word' id='word_1_94' title='bbox 421 1362 476 1422; x_wconf 87' lang='lat' dir='ltr'>per</span> <span class='ocrx_word' id='word_1_95' title='bbox 496 1344 563 1405; x_wconf 87' lang='lat' dir='ltr'>vias</span> <span class='ocrx_word' id='word_1_96' title='bbox 587 1344 674 1405; x_wconf 87' lang='lat' dir='ltr'>velut</span> <span class='ocrx_word' id='word_1_97' title='bbox 701 1345 852 1424; x_wconf 90' lang='lat' dir='ltr'>objectum</span> <span class='ocrx_word' id='word_1_98' title='bbox 881 1345 922 1405; x_wconf 87' lang='lat' dir='ltr'>ad</span> <span class='ocrx_word' id='word_1_99' title='bbox 948 1346 1096 1425; x_wconf 87' lang='lat' dir='ltr'>praedam</span> 
     </span>
     <span class='ocr_line' id='line_1_15' title="bbox 192 1423 1095 1504; baseline 0.003 -20"><span class='ocrx_word' id='word_1_100' title='bbox 192 1423 312 1484; x_wconf 86' lang='lat' dir='ltr'>vidisse.</span> <span class='ocrx_word' id='word_1_101' title='bbox 354 1423 444 1500; x_wconf 72' lang='lat' dir='ltr'>Quae</span> <span class='ocrx_word' id='word_1_102' title='bbox 463 1423 503 1484; x_wconf 96' lang='lat' dir='ltr'>ad</span> <span class='ocrx_word' id='word_1_103' title='bbox 524 1423 719 1485; x_wconf 86' lang='lat' dir='ltr'>deterrendos</span> <span class='ocrx_word' id='word_1_104' title='bbox 742 1445 762 1485; x_wconf 88' lang='lat' dir='ltr'>a</span> <span class='ocrx_word' id='word_1_105' title='bbox 786 1425 955 1504; x_wconf 87' lang='lat' dir='ltr'>cupiditate</span> <span class='ocrx_word' id='word_1_106' title='bbox 976 1426 1095 1488; x_wconf 89' lang='lat' dir='ltr'>animes</span> 
     </span>
     <span class='ocr_line' id='line_1_16' title="bbox 139 1503 1096 1579; baseline 0.004 -15"><span class='ocrx_word' id='word_1_107' title='bbox 139 1503 179 1565; x_wconf 85' lang='lat'>15</span> <span class='ocrx_word' id='word_1_108' title='bbox 191 1504 335 1564; x_wconf 87' lang='lat' dir='ltr'>nuntiata</span> <span class='ocrx_word' id='word_1_109' title='bbox 355 1512 452 1577; x_wconf 90' lang='lat' dir='ltr'>erant,</span> <span class='ocrx_word' id='word_1_110' title='bbox 476 1524 513 1564; x_wconf 86' lang='lat' dir='ltr'>ea</span> <span class='ocrx_word' id='word_1_111' title='bbox 537 1505 751 1579; x_wconf 88' lang='lat' dir='ltr'>accenderunt,</span> <span class='ocrx_word' id='word_1_112' title='bbox 772 1515 804 1566; x_wconf 87' lang='lat' dir='ltr'>et</span> <span class='ocrx_word' id='word_1_113' title='bbox 827 1505 960 1567; x_wconf 88' lang='lat' dir='ltr'>clamore</span> <span class='ocrx_word' id='word_1_114' title='bbox 983 1516 1050 1568; x_wconf 89' lang='lat' dir='ltr'>orto</span> <span class='ocrx_word' id='word_1_115' title='bbox 1074 1528 1096 1568; x_wconf 88' lang='lat' dir='ltr'>a</span> 
     </span>
     <span class='ocr_line' id='line_1_17' title="bbox 191 1583 1094 1663; baseline 0.006 -21"><span class='ocrx_word' id='word_1_116' title='bbox 191 1583 350 1658; x_wconf 89' lang='lat' dir='ltr'>militibus,</span> <span class='ocrx_word' id='word_1_117' title='bbox 361 1585 395 1644; x_wconf 91' lang='lat' dir='ltr'>ni</span> <span class='ocrx_word' id='word_1_118' title='bbox 408 1584 529 1663; x_wconf 90' lang='lat' dir='ltr'>signum</span> <span class='ocrx_word' id='word_1_119' title='bbox 543 1585 642 1658; x_wconf 91' lang='lat' dir='ltr'>detur,</span> <span class='ocrx_word' id='word_1_120' title='bbox 656 1586 722 1646; x_wconf 90' lang='lat' dir='ltr'>sine</span> <span class='ocrx_word' id='word_1_121' title='bbox 736 1585 865 1647; x_wconf 92' lang='lat' dir='ltr'>ducibus</span> <span class='ocrx_word' id='word_1_122' title='bbox 879 1586 983 1660; x_wconf 88' lang='lat' dir='ltr'>ituros,</span> <span class='ocrx_word' id='word_1_123' title='bbox 997 1587 1094 1647; x_wconf 91' lang='lat' dir='ltr'>haud·</span> 
     </span>
     <span class='ocr_line' id='line_1_18' title="bbox 191 1664 1095 1746; baseline 0.003 -22"><span class='ocrx_word' id='word_1_124' title='bbox 191 1684 345 1743; x_wconf 83' lang='lat' dir='ltr'>quaquam</span> <span class='ocrx_word' id='word_1_125' title='bbox 365 1665 431 1725; x_wconf 84' lang='lat' dir='ltr'>dux</span> <span class='ocrx_word' id='word_1_126' title='bbox 451 1664 566 1738; x_wconf 87' lang='lat' dir='ltr'>defuit;</span> <span class='ocrx_word' id='word_1_127' title='bbox 587 1686 659 1727; x_wconf 89' lang='lat' dir='ltr'>nam</span> <span class='ocrx_word' id='word_1_128' title='bbox 680 1667 834 1746; x_wconf 81' lang='lat' dir='ltr'>extemplo</span> <span class='ocrx_word' id='word_1_129' title='bbox 849 1666 951 1728; x_wconf 89' lang='lat' dir='ltr'>Varro</span> <span class='ocrx_word' id='word_1_130' title='bbox 971 1667 1095 1746; x_wconf 90' lang='lat' dir='ltr'>signum</span> 
     </span>
     <span class='ocr_line' id='line_1_19' title="bbox 190 1744 1094 1825; baseline 0.004 -21"><span class='ocrx_word' id='word_1_131' title='bbox 190 1745 276 1805; x_wconf 91' lang='lat' dir='ltr'>dedit</span> <span class='ocrx_word' id='word_1_132' title='bbox 290 1744 507 1825; x_wconf 86' lang='lat' dir='ltr'>proficiscendi.</span> <span class='ocrx_word' id='word_1_133' title='bbox 549 1745 674 1820; x_wconf 88' lang='lat' dir='ltr'>Paulus,</span> <span class='ocrx_word' id='word_1_134' title='bbox 688 1766 758 1806; x_wconf 91' lang='lat' dir='ltr'>cum</span> <span class='ocrx_word' id='word_1_135' title='bbox 773 1747 801 1807; x_wconf 92' lang='lat' dir='ltr'>ei</span> <span class='ocrx_word' id='word_1_136' title='bbox 815 1766 870 1806; x_wconf 86' lang='lat' dir='ltr'>sua</span> <span class='ocrx_word' id='word_1_137' title='bbox 882 1755 989 1825; x_wconf 89' lang='lat' dir='ltr'>sponte</span> <span class='ocrx_word' id='word_1_138' title='bbox 1003 1767 1094 1808; x_wconf 91' lang='lat' dir='ltr'>cunc·</span> 
     </span>
     <span class='ocr_line' id='line_1_20' title="bbox 189 1823 1093 1907; baseline 0.002 -22"><span class='ocrx_word' id='word_1_139' title='bbox 189 1825 269 1886; x_wconf 85' lang='lat' dir='ltr'>tanti</span> <span class='ocrx_word' id='word_1_140' title='bbox 283 1823 360 1904; x_wconf 91' lang='lat' dir='ltr'>pulli</span> <span class='ocrx_word' id='word_1_141' title='bbox 375 1844 494 1904; x_wconf 92' lang='lat' dir='ltr'>quoque</span> <span class='ocrx_word' id='word_1_142' title='bbox 514 1826 649 1907; x_wconf 87' lang='lat' dir='ltr'>auspicio</span> <span class='ocrx_word' id='word_1_143' title='bbox 663 1847 725 1887; x_wconf 90' lang='lat' dir='ltr'>non</span> <span class='ocrx_word' id='word_1_144' title='bbox 743 1826 940 1900; x_wconf 83' lang='lat' dir='ltr'>addixissent,</span> <span class='ocrx_word' id='word_1_145' title='bbox 955 1827 1093 1887; x_wconf 88' lang='lat' dir='ltr'>nuntiari</span> 
     </span>
     <span class='ocr_line' id='line_1_21' title="bbox 137 1905 1093 2045; baseline 0.001 -78"><span class='ocrx_word' id='word_1_146' title='bbox 137 1905 177 1967; x_wconf 83' lang='lat'>20</span> <span class='ocrx_word' id='word_1_147' title='bbox 190 1905 257 1985; x_wconf 88' lang='lat' dir='ltr'>jam</span> <span class='ocrx_word' id='word_1_148' title='bbox 285 1906 420 1967; x_wconf 87' lang='lat' dir='ltr'>efferenti</span> <span class='ocrx_word' id='word_1_149' title='bbox 447 1915 537 1984; x_wconf 89' lang='lat' dir='ltr'>porta</span> <span class='ocrx_word' id='word_1_150' title='bbox 564 1907 653 1986; x_wconf 86' lang='lat' dir='ltr'>signa</span> <span class='ocrx_word' id='word_1_151' title='bbox 680 1906 824 1985; x_wconf 88' lang='lat' dir='ltr'>conlegae</span> <span class='ocrx_word' id='word_1_152' title='bbox 830 1906 946 2045; x_wconf 63' lang='lat' dir='ltr'>Fjussit.</span> <span class='ocrx_word' id='word_1_153' title='bbox 998 1906 1093 1983; x_wconf 72' lang='lat' dir='ltr'>Quod</span> 
     </span>
     <span class='ocr_line' id='line_1_22' title="bbox 189 1985 1092 2066; baseline 0.001 -21"><span class='ocrx_word' id='word_1_154' title='bbox 189 2006 375 2066; x_wconf 89' lang='lat' dir='ltr'>quamquam</span> <span class='ocrx_word' id='word_1_155' title='bbox 390 1985 491 2048; x_wconf 90' lang='lat' dir='ltr'>Varro</span> <span class='ocrx_word' id='word_1_156' title='bbox 511 2006 601 2066; x_wconf 83' lang='lat' dir='ltr'>aegre</span> <span class='ocrx_word' id='word_1_157' title='bbox 625 1995 670 2047; x_wconf 89' lang='lat' dir='ltr'>est</span> <span class='ocrx_word' id='word_1_158' title='bbox 694 2006 808 2066; x_wconf 89' lang='lat' dir='ltr'>passus,</span> <span class='ocrx_word' id='word_1_159' title='bbox 858 1985 966 2045; x_wconf 92' lang='lat' dir='ltr'>lamini</span> <span class='ocrx_word' id='word_1_160' title='bbox 987 1993 1092 2048; x_wconf 85' lang='lat' dir='ltr'>tamen</span> 
     </span>
     <span class='ocr_line' id='line_1_23' title="bbox 188 2065 1092 2147; baseline 0.002 -21"><span class='ocrx_word' id='word_1_161' title='bbox 188 2086 292 2126; x_wconf 90' lang='lat' dir='ltr'>recens</span> <span class='ocrx_word' id='word_1_162' title='bbox 306 2086 391 2126; x_wconf 91' lang='lat' dir='ltr'>casus</span> <span class='ocrx_word' id='word_1_163' title='bbox 405 2065 576 2147; x_wconf 82' lang='lat' dir='ltr'>Claudique</span> <span class='ocrx_word' id='word_1_164' title='bbox 598 2067 728 2128; x_wconf 90' lang='lat' dir='ltr'>consulis</span> <span class='ocrx_word' id='word_1_165' title='bbox 749 2067 849 2146; x_wconf 88' lang='lat' dir='ltr'>primo</span> <span class='ocrx_word' id='word_1_166' title='bbox 870 2065 988 2126; x_wconf 87' lang='lat' dir='ltr'>Punico</span> <span class='ocrx_word' id='word_1_167' title='bbox 1010 2065 1092 2128; x_wconf 92' lang='lat' dir='ltr'>bello</span> 
     </span>
     <span class='ocr_line' id='line_1_24' title="bbox 187 2146 1091 2226; baseline 0.002 -19"><span class='ocrx_word' id='word_1_168' title='bbox 187 2156 355 2207; x_wconf 87' lang='lat' dir='ltr'>memorata</span> <span class='ocrx_word' id='word_1_169' title='bbox 374 2146 494 2209; x_wconf 83' lang='lat' dir='ltr'>navalis</span> <span class='ocrx_word' id='word_1_170' title='bbox 516 2147 617 2208; x_wconf 91' lang='lat' dir='ltr'>clades</span> <span class='ocrx_word' id='word_1_171' title='bbox 639 2147 816 2226; x_wconf 89' lang='lat' dir='ltr'>religionem</span> <span class='ocrx_word' id='word_1_172' title='bbox 834 2147 937 2206; x_wconf 87' lang='lat' dir='ltr'>animo</span> <span class='ocrx_word' id='word_1_173' title='bbox 954 2146 1091 2210; x_wconf 83' lang='lat' dir='ltr'>incussit.</span> 
     </span>
     <span class='ocr_line' id='line_1_25' title="bbox 156 2226 1092 2308; baseline 0 -21"><span class='ocrx_word' id='word_1_174' title='bbox 156 2297 159 2306; x_wconf 72' lang='lat'>,</span> <span class='ocrx_word' id='word_1_175' title='bbox 188 2226 231 2288; x_wconf 92' lang='lat' dir='ltr'>Di</span> <span class='ocrx_word' id='word_1_176' title='bbox 245 2247 340 2306; x_wconf 89' lang='lat' dir='ltr'>prope</span> <span class='ocrx_word' id='word_1_177' title='bbox 352 2227 412 2306; x_wconf 86' lang='lat' dir='ltr'>ipsi</span> <span class='ocrx_word' id='word_1_178' title='bbox 425 2247 461 2288; x_wconf 93' lang='lat' dir='ltr'>eo</span> <span class='ocrx_word' id='word_1_179' title='bbox 475 2228 526 2289; x_wconf 94' lang='lat' dir='ltr'>die</span> <span class='ocrx_word' id='word_1_180' title='bbox 539 2229 636 2308; x_wconf 89' lang='lat' dir='ltr'>magis</span> <span class='ocrx_word' id='word_1_181' title='bbox 652 2227 796 2288; x_wconf 87' lang='lat' dir='ltr'>distulere</span> <span class='ocrx_word' id='word_1_182' title='bbox 806 2246 899 2308; x_wconf 92' lang='lat' dir='ltr'>quam</span> <span class='ocrx_word' id='word_1_183' title='bbox 908 2227 1092 2306; x_wconf 89' lang='lat' dir='ltr'>prohibuere</span> 
     </span>
     <span class='ocr_line' id='line_1_26' title="bbox 134 2307 1091 2388; baseline -0.002 -18"><span class='ocrx_word' id='word_1_184' title='bbox 134 2309 174 2370; x_wconf 85' lang='lat'>25</span> <span class='ocrx_word' id='word_1_185' title='bbox 188 2307 387 2368; x_wconf 90' lang='lat' dir='ltr'>inminentem</span> <span class='ocrx_word' id='word_1_186' title='bbox 406 2317 521 2388; x_wconf 89' lang='lat' dir='ltr'>pestem</span> <span class='ocrx_word' id='word_1_187' title='bbox 542 2309 709 2380; x_wconf 81' lang='lat' dir='ltr'>Romanis3</span> <span class='ocrx_word' id='word_1_188' title='bbox 731 2327 804 2368; x_wconf 91' lang='lat' dir='ltr'>nam</span> <span class='ocrx_word' id='word_1_189' title='bbox 821 2307 899 2368; x_wconf 84' lang='lat' dir='ltr'>forte</span> <span class='ocrx_word' id='word_1_190' title='bbox 916 2307 960 2367; x_wconf 88' lang='lat' dir='ltr'>ita</span> <span class='ocrx_word' id='word_1_191' title='bbox 978 2308 1091 2381; x_wconf 85' lang='lat' dir='ltr'>evenit,</span> 
     </span>
     <span class='ocr_line' id='line_1_27' title="bbox 187 2387 1090 2468; baseline -0.001 -19"><span class='ocrx_word' id='word_1_192' title='bbox 187 2397 230 2462; x_wconf 91' lang='lat' dir='ltr'>ut,</span> <span class='ocrx_word' id='word_1_193' title='bbox 246 2408 316 2449; x_wconf 93' lang='lat' dir='ltr'>cum</span> <span class='ocrx_word' id='word_1_194' title='bbox 331 2388 437 2448; x_wconf 86' lang='lat' dir='ltr'>referri</span> <span class='ocrx_word' id='word_1_195' title='bbox 451 2388 538 2468; x_wconf 87' lang='lat' dir='ltr'>signa</span> <span class='ocrx_word' id='word_1_196' title='bbox 553 2389 585 2448; x_wconf 94' lang='lat' dir='ltr'>in</span> <span class='ocrx_word' id='word_1_197' title='bbox 600 2398 701 2450; x_wconf 86' lang='lat' dir='ltr'>eastra</span> <span class='ocrx_word' id='word_1_198' title='bbox 709 2388 832 2468; x_wconf 91' lang='lat' dir='ltr'>jubenti</span> <span class='ocrx_word' id='word_1_199' title='bbox 846 2387 962 2448; x_wconf 90' lang='lat' dir='ltr'>consuli</span> <span class='ocrx_word' id='word_1_200' title='bbox 976 2387 1090 2448; x_wconf 88' lang='lat' dir='ltr'>milites</span> 
     </span>
     <span class='ocr_line' id='line_1_28' title="bbox 186 2466 1091 2549; baseline -0.004 -19"><span class='ocrx_word' id='word_1_201' title='bbox 186 2489 248 2530; x_wconf 88' lang='lat' dir='ltr'>non</span> <span class='ocrx_word' id='word_1_202' title='bbox 262 2478 411 2549; x_wconf 85' lang='lat' dir='ltr'>parerent,</span> <span class='ocrx_word' id='word_1_203' title='bbox 421 2470 501 2530; x_wconf 88' lang='lat' dir='ltr'>servi</span> <span class='ocrx_word' id='word_1_204' title='bbox 515 2470 585 2544; x_wconf 91' lang='lat' dir='ltr'>duo,</span> <span class='ocrx_word' id='word_1_205' title='bbox 597 2469 755 2531; x_wconf 86' lang='lat' dir='ltr'>Formiani</span> <span class='ocrx_word' id='word_1_206' title='bbox 770 2487 857 2540; x_wconf 89' lang='lat' dir='ltr'>unus,</span> <span class='ocrx_word' id='word_1_207' title='bbox 867 2467 945 2527; x_wconf 89' lang='lat' dir='ltr'>alter</span> <span class='ocrx_word' id='word_1_208' title='bbox 959 2466 1091 2528; x_wconf 83' lang='lat' dir='ltr'>Sidicini</span> 
     </span>
    </p>
   </div>
   <div class='ocr_carea' id='block_1_3' title="bbox 186 2546 1192 2630">
    <p class='ocr_par' dir='ltr' id='par_1_3' title="bbox 186 2523 1302 2630">
     <span class='ocr_line' id='line_1_29' title="bbox 186 2546 1192 2630; baseline -0.001 -21"><span class='ocrx_word' id='word_1_209' title='bbox 186 2550 306 2628; x_wconf 76' lang='lat' dir='ltr'>equas,</span> <span class='ocrx_word' id='word_1_210' title='bbox 330 2549 382 2628; x_wconf 81' lang='lat' dir='ltr'>qur</span> <span class='ocrx_word' id='word_1_211' title='bbox 407 2549 537 2612; x_wconf 71' lang='lat' dir='ltr'>servus</span> <span class='ocrx_word' id='word_1_212' title='bbox 565 2561 658 2630; x_wconf 83' lang='lat' dir='ltr'>atque</span> <span class='ocrx_word' id='word_1_213' title='bbox 679 2549 779 2610; x_wconf 84' lang='lat' dir='ltr'>Atilio</span> <span class='ocrx_word' id='word_1_214' title='bbox 807 2546 981 2608; x_wconf 82' lang='lat' dir='ltr'>consulibus</span> <span class='ocrx_word' id='word_1_215' title='bbox 1008 2547 1091 2608; x_wconf 74' lang='lat' dir='ltr'>inter</span> <span class='ocrx_word' id='word_1_216' title='bbox 1191 2609 1192 2612; x_wconf 5' lang='grc' dir='ltr'><strong><em>Ν</em></strong></span> 
     </span>
    </p>
   </div>
   <div class='ocr_carea' id='block_1_4' title="bbox 133 2627 1091 2790">
    <p class='ocr_par' dir='ltr' id='par_1_4' title="bbox 133 2627 1091 2790">
     <span class='ocr_line' id='line_1_30' title="bbox 185 2627 1091 2709; baseline -0.001 -20"><span class='ocrx_word' id='word_1_217' title='bbox 185 2629 381 2709; x_wconf 84' lang='lat' dir='ltr'>pabulatores</span> <span class='ocrx_word' id='word_1_218' title='bbox 400 2631 521 2708; x_wconf 87' lang='lat' dir='ltr'>excepti</span> <span class='ocrx_word' id='word_1_219' title='bbox 542 2651 561 2691; x_wconf 97' lang='lat' dir='ltr'>a</span> <span class='ocrx_word' id='word_1_220' title='bbox 581 2631 725 2690; x_wconf 88' lang='lat' dir='ltr'>Numidis</span> <span class='ocrx_word' id='word_1_221' title='bbox 746 2629 877 2702; x_wconf 84' lang='lat' dir='ltr'>fuerant,</span> <span class='ocrx_word' id='word_1_222' title='bbox 891 2627 1091 2706; x_wconf 84' lang='lat' dir='ltr'>profugerent</span> 
     </span>
     <span class='ocr_line' id='line_1_31' title="bbox 133 2707 1089 2790; baseline -0.004 -20"><span class='ocrx_word' id='word_1_223' title='bbox 133 2709 172 2772; x_wconf 90' lang='lat'>30</span> <span class='ocrx_word' id='word_1_224' title='bbox 186 2729 221 2770; x_wconf 88' lang='lat' dir='ltr'>eo</span> <span class='ocrx_word' id='word_1_225' title='bbox 235 2709 338 2770; x_wconf 87' lang='lat' dir='ltr'>dicad</span> <span class='ocrx_word' id='word_1_226' title='bbox 353 2709 508 2782; x_wconf 91' lang='lat' dir='ltr'>dominos;</span> <span class='ocrx_word' id='word_1_227' title='bbox 529 2711 713 2790; x_wconf 88' lang='lat' dir='ltr'>deductique</span> <span class='ocrx_word' id='word_1_228' title='bbox 727 2710 768 2770; x_wconf 89' lang='lat' dir='ltr'>ad</span> <span class='ocrx_word' id='word_1_229' title='bbox 782 2708 919 2770; x_wconf 89' lang='lat' dir='ltr'>consules</span> <span class='ocrx_word' id='word_1_230' title='bbox 933 2707 1089 2780; x_wconf 88' lang='lat' dir='ltr'>nuntiant,</span> 
     </span>
    </p>
   </div>
   <div class='ocr_carea' id='block_1_5' title="bbox 186 2789 1112 2869">
    <p class='ocr_par' dir='ltr' id='par_1_5' title="bbox 186 2789 1112 2869">
     <span class='ocr_line' id='line_1_32' title="bbox 186 2789 1112 2869; baseline -0.002 -19"><span class='ocrx_word' id='word_1_231' title='bbox 186 2809 305 2850; x_wconf 92' lang='lat' dir='ltr'>omnem</span> <span class='ocrx_word' id='word_1_232' title='bbox 320 2791 489 2850; x_wconf 85' lang='lat' dir='ltr'>exercitum</span> <span class='ocrx_word' id='word_1_233' title='bbox 503 2789 691 2851; x_wconf 87' lang='lat' dir='ltr'>Hannibalis</span> <span class='ocrx_word' id='word_1_234' title='bbox 704 2800 789 2851; x_wconf 86' lang='lat' dir='ltr'>trans</span> <span class='ocrx_word' id='word_1_235' title='bbox 802 2789 958 2869; x_wconf 85' lang='lat' dir='ltr'>proximos</span> <span class='ocrx_word' id='word_1_236' title='bbox 971 2797 1089 2848; x_wconf 87' lang='lat' dir='ltr'>montes</span> <span class='ocrx_word' id='word_1_237' title='bbox 1106 2833 1112 2836; x_wconf 90' lang='lat'><em>-</em></span> 
     </span>
    </p>
   </div>
   <div class='ocr_carea' id='block_1_6' title="bbox 131 2869 1089 3509">
    <p class='ocr_par' dir='ltr' id='par_1_6' title="bbox 184 2869 1089 2951">
     <span class='ocr_line' id='line_1_33' title="bbox 184 2869 1089 2951; baseline -0.003 -21"><span class='ocrx_word' id='word_1_238' title='bbox 184 2869 287 2930; x_wconf 88' lang='lat' dir='ltr'>sedere</span> <span class='ocrx_word' id='word_1_239' title='bbox 300 2870 332 2929; x_wconf 90' lang='lat' dir='ltr'>in</span> <span class='ocrx_word' id='word_1_240' title='bbox 346 2869 473 2931; x_wconf 90' lang='lat' dir='ltr'>insidiis.</span> <span class='ocrx_word' id='word_1_241' title='bbox 514 2870 637 2932; x_wconf 90' lang='lat' dir='ltr'>Horum</span> <span class='ocrx_word' id='word_1_242' title='bbox 652 2879 841 2951; x_wconf 90' lang='lat' dir='ltr'>opportunus</span> <span class='ocrx_word' id='word_1_243' title='bbox 855 2869 1004 2929; x_wconf 85' lang='lat' dir='ltr'>adventus</span> <span class='ocrx_word' id='word_1_244' title='bbox 1018 2887 1089 2927; x_wconf 89' lang='lat' dir='ltr'>eon·</span> 
     </span>
    </p>

    <p class='ocr_par' dir='ltr' id='par_1_7' title="bbox 184 2946 1089 3030">
     <span class='ocr_line' id='line_1_34' title="bbox 184 2946 1089 3030; baseline -0.002 -20"><span class='ocrx_word' id='word_1_245' title='bbox 184 2949 265 3010; x_wconf 90' lang='lat' dir='ltr'>sules</span> <span class='ocrx_word' id='word_1_246' title='bbox 292 2950 402 3029; x_wconf 89' lang='lat' dir='ltr'>imperi</span> <span class='ocrx_word' id='word_1_247' title='bbox 428 2959 565 3030; x_wconf 90' lang='lat' dir='ltr'>potentes</span> <span class='ocrx_word' id='word_1_248' title='bbox 593 2951 675 3025; x_wconf 79' lang='lat' dir='ltr'>fecit,</span> <span class='ocrx_word' id='word_1_249' title='bbox 703 2970 773 3010; x_wconf 89' lang='lat' dir='ltr'>cum</span> <span class='ocrx_word' id='word_1_250' title='bbox 805 2949 934 3009; x_wconf 87' lang='lat' dir='ltr'>ambitio</span> <span class='ocrx_word' id='word_1_251' title='bbox 961 2946 1089 3008; x_wconf 84' lang='lat' dir='ltr'>alterius</span> 
     </span>
    </p>

    <p class='ocr_par' dir='ltr' id='par_1_8' title="bbox 131 3027 1088 3173">
     <span class='ocr_line' id='line_1_35' title="bbox 183 3027 1088 3112; baseline -0.002 -22"><span class='ocrx_word' id='word_1_252' title='bbox 183 3049 271 3090; x_wconf 92' lang='lat' dir='ltr'>suam</span> <span class='ocrx_word' id='word_1_253' title='bbox 298 3031 432 3110; x_wconf 92' lang='lat' dir='ltr'>primum</span> <span class='ocrx_word' id='word_1_254' title='bbox 459 3040 535 3112; x_wconf 89' lang='lat' dir='ltr'>aput</span> <span class='ocrx_word' id='word_1_255' title='bbox 563 3051 612 3092; x_wconf 89' lang='lat' dir='ltr'>eos</span> <span class='ocrx_word' id='word_1_256' title='bbox 639 3050 737 3112; x_wconf 87' lang='lat' dir='ltr'>prava</span> <span class='ocrx_word' id='word_1_257' title='bbox 764 3028 959 3108; x_wconf 88' lang='lat' dir='ltr'>indulgentia</span> <span class='ocrx_word' id='word_1_258' title='bbox 981 3027 1088 3106; x_wconf 74' lang='lat' dir='ltr'>majes</span> 
     </span>
     <span class='ocr_line' id='line_1_36' title="bbox 131 3107 446 3173; baseline 0 -3"><span class='ocrx_word' id='word_1_259' title='bbox 131 3107 170 3170; x_wconf 82' lang='lat'>35</span> <span class='ocrx_word' id='word_1_260' title='bbox 184 3119 279 3171; x_wconf 87' lang='lat' dir='ltr'>tatem</span> <span class='ocrx_word' id='word_1_261' title='bbox 300 3110 446 3173; x_wconf 88' lang='lat' dir='ltr'>solvisset.</span> 
     </span>
    </p>

    <p class='ocr_par' dir='ltr' id='par_1_9' title="bbox 182 3186 1089 3509">
     <span class='ocr_line' id='line_1_37' title="bbox 224 3186 1089 3270; baseline -0.003 -19"><span class='ocrx_word' id='word_1_262' title='bbox 224 3190 350 3252; x_wconf 82' lang='lat' dir='ltr'><strong>XLIII.</strong></span> <span class='ocrx_word' id='word_1_263' title='bbox 392 3189 554 3251; x_wconf 89' lang='lat' dir='ltr'>Hannibal</span> <span class='ocrx_word' id='word_1_264' title='bbox 570 3199 731 3270; x_wconf 89' lang='lat' dir='ltr'>postquam</span> <span class='ocrx_word' id='word_1_265' title='bbox 750 3198 846 3252; x_wconf 86' lang='lat' dir='ltr'>motos</span> <span class='ocrx_word' id='word_1_266' title='bbox 867 3187 964 3267; x_wconf 88' lang='lat' dir='ltr'>magis</span> <span class='ocrx_word' id='word_1_267' title='bbox 984 3186 1089 3248; x_wconf 91' lang='lat' dir='ltr'>incon-</span> 
     </span>
     <span class='ocr_line' id='line_1_38' title="bbox 182 3270 1088 3348; baseline 0 -20"><span class='ocrx_word' id='word_1_268' title='bbox 182 3270 261 3330; x_wconf 89' lang='lat' dir='ltr'>sulte</span> <span class='ocrx_word' id='word_1_269' title='bbox 289 3271 444 3330; x_wconf 89' lang='lat' dir='ltr'>Romanos</span> <span class='ocrx_word' id='word_1_270' title='bbox 472 3290 564 3348; x_wconf 88' lang='lat' dir='ltr'>quarn</span> <span class='ocrx_word' id='word_1_271' title='bbox 592 3271 632 3330; x_wconf 92' lang='lat' dir='ltr'>ad</span> <span class='ocrx_word' id='word_1_272' title='bbox 660 3272 804 3332; x_wconf 90' lang='lat' dir='ltr'>ultimum</span> <span class='ocrx_word' id='word_1_273' title='bbox 831 3279 943 3330; x_wconf 90' lang='lat' dir='ltr'>temere</span> <span class='ocrx_word' id='word_1_274' title='bbox 967 3278 1088 3329; x_wconf 88' lang='lat' dir='ltr'>evectos</span> 
     </span>
     <span class='ocr_line' id='line_1_39' title="bbox 183 3347 1086 3428; baseline -0.002 -18"><span class='ocrx_word' id='word_1_275' title='bbox 183 3348 271 3423; x_wconf 91' lang='lat' dir='ltr'>vidit,</span> <span class='ocrx_word' id='word_1_276' title='bbox 280 3351 463 3428; x_wconf 89' lang='lat' dir='ltr'>nequiquam</span> <span class='ocrx_word' id='word_1_277' title='bbox 479 3349 598 3411; x_wconf 85' lang='lat' dir='ltr'>detecta</span> <span class='ocrx_word' id='word_1_278' title='bbox 612 3351 720 3411; x_wconf 85' lang='lat' dir='ltr'>fraude</span> <span class='ocrx_word' id='word_1_279' title='bbox 734 3352 767 3410; x_wconf 94' lang='lat' dir='ltr'>in</span> <span class='ocrx_word' id='word_1_280' title='bbox 780 3359 880 3411; x_wconf 87' lang='lat' dir='ltr'>castra</span> <span class='ocrx_word' id='word_1_281' title='bbox 894 3347 994 3410; x_wconf 90' lang='lat' dir='ltr'>rediit.</span> <span class='ocrx_word' id='word_1_282' title='bbox 1035 3347 1086 3408; x_wconf 93' lang='lat' dir='ltr'>Ibi</span> 
     </span>
     <span class='ocr_line' id='line_1_40' title="bbox 182 3426 1087 3509; baseline 0 -23"><span class='ocrx_word' id='word_1_283' title='bbox 182 3426 285 3505; x_wconf 86' lang='lat' dir='ltr'>plures</span> <span class='ocrx_word' id='word_1_284' title='bbox 300 3429 364 3490; x_wconf 88' lang='lat' dir='ltr'>dies</span> <span class='ocrx_word' id='word_1_285' title='bbox 376 3437 500 3508; x_wconf 86' lang='lat' dir='ltr'>propter</span> <span class='ocrx_word' id='word_1_286' title='bbox 513 3429 649 3509; x_wconf 90' lang='lat' dir='ltr'>inopiam</span> <span class='ocrx_word' id='word_1_287' title='bbox 663 3431 810 3492; x_wconf 87' lang='lat' dir='ltr'>frumenti</span> <span class='ocrx_word' id='word_1_288' title='bbox 826 3448 949 3489; x_wconf 90' lang='lat' dir='ltr'>manere</span> <span class='ocrx_word' id='word_1_289' title='bbox 969 3428 1087 3506; x_wconf 90' lang='lat' dir='ltr'>nequit,</span> 
     </span>
    </p>
   </div>
   <div class='ocr_carea' id='block_1_7' title="bbox 0 0 1318 3796">
    <p class='ocr_par' dir='ltr' id='par_1_10' title="bbox 0 0 1318 3796">
     <span class='ocr_line' id='line_1_41' title="bbox 0 0 1318 3796; baseline 0 6"><span class='ocrx_word' id='word_1_290' title='bbox 0 0 1318 3796; x_wconf 95' lang='lat' dir='ltr'> </span> 
     </span>
    </p>
   </div>
  </div>
 </body>
</html>
