2616 3790
121 245 186 310 134
291 259 382 306 rrrr
408 249 505 310 n1v1
532 251 589 306 Aa
614 258 730 308 vana
759 260 951 308 conorrn

174 437 271 498 neque
297 417 331 476 in
358 425 459 477 castra
484 416 602 478 reditus
629 425 706 478 esset
733 416 860 480 flumine
895 419 1080 492 interclusio,

173 519 270 578 neque
294 517 368 576 prae
391 497 482 558 imbri
505 498 579 558 satis
603 498 763 558 decernere
784 509 914 578 possent,
936 522 998 580 qua
1018 503 1081 562 suis

174 599 261 658 opem
289 580 412 650 ferrent,
441 577 633 638 Placentiam
659 588 744 639 recto
771 580 882 640 itinere
906 601 1081 663 perrexere.

175 659 282 720 Plures
296 657 407 717 deinde
421 657 454 717 in
468 679 571 718 omnes
591 669 693 738 partes
714 661 889 740 eruptiones
909 662 1028 735 factae3
1049 672 1083 724 et

141 746 160 805 5
175 742 228 820 qui
242 740 356 800 flumen
370 740 483 818 petiere
496 752 551 800 aut
564 740 738 820 gurgitibus
757 741 914 823 absumpti
933 753 1006 805 sunt
1026 753 1082 806 aut

174 825 254 882 inter
275 821 499 881 cunctationem
521 821 713 901 ingrediendi
726 821 767 882 ab
781 823 919 884 hostibus
930 827 1081 905 oppressi;

175 905 228 984 qui
256 902 366 982 passim
395 922 449 981 per
477 924 565 983 agros
593 904 668 984 fuga
698 905 795 984 sparsi
823 914 922 980 erant,
950 907 1082 986 vestigia

176 986 308 1046 cedentis
329 994 486 1063 sequentes
507 986 637 1065 agminis
658 985 851 1047 Placentiam
879 987 1065 1049 contendere
1072 1009 1081 1063 ;

174 1068 243 1128 aliis
270 1069 362 1128 timor
389 1067 522 1127 hostium
555 1067 718 1128 audaciam
745 1067 938 1146 ingrediendi
965 1069 1082 1130 flumen

123 1154 160 1214 10
174 1149 255 1221 feeit,
279 1149 515 1227 transgressique
539 1149 571 1208 in
594 1158 695 1210 castra
717 1159 933 1229 pervenerunt.
975 1149 1082 1211 Imber

174 1230 246 1290 nive
266 1229 381 1288 mixtus
403 1239 433 1289 et
455 1229 647 1289 intoleranda
670 1229 716 1291 vis
740 1229 863 1308 frigoris
887 1239 918 1291 et
942 1231 1081 1292 homines

175 1310 286 1370 multos
313 1319 344 1371 et
371 1311 506 1370 'umente
533 1319 564 1371 et
590 1309 768 1390 elephantos
784 1331 886 1391 prope
909 1310 1007 1371 omnis
1028 1310 1081 1372 ab

173 1391 310 1470 sumpsit.
365 1331 452 1450 l⁴⁷inis
480 1391 658 1470 insequendi
690 1387 787 1451 hostis'
820 1390 930 1452 Poenis
964 1391 1081 1452 flumen

173 1469 284 1531 Trebia
304 1470 373 1544 fnit,
387 1479 418 1531 et
437 1471 481 1531 ita
502 1480 654 1550 torpentes
674 1471 746 1551 gelu
768 1471 802 1531 in
826 1481 927 1533 castra
951 1472 1079 1548 rediere,

122 1555 159 1614 15
174 1565 209 1611 ut
233 1552 288 1612 vix
316 1551 465 1612 laetitiam
489 1551 637 1612 victoriae
658 1551 815 1613 sentirent.
857 1551 968 1632 Itaque
989 1561 1081 1614 nocte

126 1677 127 1682 η
174 1633 352 1712 insequenti,
378 1653 448 1692 eum
475 1632 662 1712 praesidium
689 1640 859 1692 castrorum
879 1642 911 1694 et
931 1633 1013 1713 quod
1034 1654 1081 1694 re-

170 1713 264 1772 licum
303 1713 467 1772 aoociorcm
506 1734 545 1773 ex
579 1732 691 1790 magna
725 1721 813 1792 parte
846 1711 980 1772 militum
1016 1720 1083 1773 erat

169 1793 286 1853 ratibus
314 1792 455 1851 Trebiam
479 1793 648 1864 traicerent,
677 1800 732 1851 aut
765 1791 844 1851 nihil
877 1812 996 1854 sensere
1031 1792 1082 1853 ob

174 1880 326 1952 strepente
349 1871 464 1952 pluvia,
489 1879 552 1944 aut,
577 1870 651 1950 quia
673 1870 740 1950 jam
767 1871 884 1932 moveri
911 1870 1082 1950 nequibant

122 1955 161 2017 20
175 1973 248 2032 prae
268 1952 448 2013 lassitudine
467 1972 504 2012 ao
519 1949 707 2024 vulneribus,
724 1951 838 2011 sentire
856 1971 919 2012 sese
940 1951 1080 2012 dissimu-

175 2034 287 2107 larunt,
302 2034 471 2113 quietisque
486 2032 596 2092 Poenis
616 2031 711 2092 tacito
731 2031 854 2109 agmine
869 2031 915 2094 ,ab
936 2031 1080 2111 Scipione

175 2114 299 2175 consule
332 2114 483 2174 exereitus
510 2112 702 2173 Placentiam
728 2121 774 2170 est
800 2110 976 2191 perductus,
1006 2111 1080 2173 inde

96 2223 97 2228 ¹
175 2195 260 2256 Pado
284 2195 428 2274 trajectus
452 2193 643 2266 Cremonam,
668 2211 708 2252 ne
731 2190 862 2252 duorum
886 2192 1079 2254 exercituum

174 2275 309 2336 hibernis
329 2295 391 2334 una
412 2274 532 2335 colonia
552 2281 748 2352 premeretur.

121 2357 160 2418 25
214 2356 321 2418 LVII.
363 2356 494 2416 Romam
517 2362 622 2415 tantus
646 2361 742 2414 terror
763 2373 803 2413 ex
823 2353 882 2414 hac
902 2353 992 2414 clade
1012 2373 1080 2434 per-

174 2437 254 2499 latus
269 2447 322 2510 est,
336 2445 372 2497 ut
388 2437 453 2516 jam
474 2434 514 2495 ad
535 2435 643 2495 urbem
664 2433 836 2495 Romanam
855 2434 1015 2496 crederent
1034 2435 1080 2494 in-

174 2519 256 2579 festis
270 2519 363 2598 signis
377 2517 494 2577 hostem
508 2523 682 2587 venturum,
696 2535 751 2574 nee
766 2515 930 2594 quiequam
944 2515 1009 2594 spei
1023 2523 1079 2576 aut

174 2600 286 2660 anxilii
298 2619 369 2671 esse,
384 2618 444 2677 quo
458 2618 477 2658 a
491 2596 586 2676 portis
604 2594 822 2734 moenibusque
837 2595 901 2656 vim
921 2605 1078 2657 arcerent:

174 2700 235 2740 uno
260 2679 382 2740 consule
405 2679 445 2738 ad
470 2677 613 2738 Ticinum
637 2676 729 2748 victo,
753 2694 773 2735 a
787 2684 887 2735 terum
907 2695 947 2735 ex
970 2675 1078 2736 Sicilia

121 2761 160 2824 30
174 2770 368 2832 revocatum
389 2757 508 2819 duobus
529 2756 713 2829 consulibus,
727 2755 846 2816 duobus
867 2755 1079 2817 consularibus

173 2841 356 2902 exercitibus
365 2840 463 2913 victis,
473 2859 547 2918 quos
561 2837 637 2898 alios
652 2837 753 2910 duces,
764 2855 839 2916 quas
853 2835 930 2896 alias
945 2836 1079 2916 legiones

173 2944 244 2998 esse,
259 2943 337 3002 quae
351 2919 563 2983 arcessanturl

214 3003 264 3066 Ita
291 3002 404 3064 territis
431 2998 626 3080 Sempronius
654 2998 759 3059 consul
794 2995 929 3071 advenit,
958 2997 1078 3078 ingenti

173 3084 309 3164 periculo
326 3104 380 3162 per
396 3081 502 3142 effusos
519 3081 631 3159 passim
652 3079 691 3139 ad
713 3078 923 3159 praedandum
943 3077 1079 3140 hostium

122 3166 159 3226 35
174 3165 288 3242 equites
309 3161 439 3223 audacia
453 3161 550 3238 magis
564 3181 656 3238 quam
671 3159 796 3219 consilio
811 3167 866 3219 aut
879 3177 933 3238 spe
947 3158 1078 3220 fallendi

174 3243 378 3312 resistendive,
400 3241 425 3299 si
446 3260 507 3298 non
527 3238 658 3310 falleret,
679 3248 892 3317 transgressus
935 3236 974 3298 Id
995 3240 1078 3318 quod

174 3341 270 3380 unum
293 3320 426 3379 maxime
446 3319 478 3376 in
500 3318 670 3396 praesentia
691 3317 931 3390 desiderabatur,
947 3319 1078 3379 comitiis

174 3399 383 3460 consularibus
402 3396 524 3468 habitis,
539 3397 571 3454 in
592 3397 721 3457 hiberna
742 3397 843 3459 rediit.
885 3397 988 3458 Creati
1010 3419 1075 3460 oon·

173 3479 253 3538 eules
268 3478 322 3538 On.
338 3475 485 3538 Servilius
499 3483 529 3535 et
543 3475 576 3536 Ο.
592 3475 773 3539 Flaminius.
