2572 3790
159 237 203 302 34
334 251 424 300 r1r1
451 249 628 298 arurae
653 249 768 299 vasa
798 249 989 296 cosmas

211 409 259 472 vis
272 399 377 488 aliqua
391 417 518 469 externa
532 407 711 468 adoriretur.
753 405 796 466 Et
807 426 869 467 esse
878 405 973 485 igitur
987 405 1114 485 aliquod

213 498 306 569 caput
319 487 468 568 placebat,
483 497 513 548 et
531 507 620 548 nemo
641 485 731 548 alteri
752 487 915 547 concedere
929 486 962 545 in
976 487 1114 547 animum

212 569 385 629 inducebat.
759 599 761 605 2

253 649 303 709 Ita
329 667 393 709 rem
416 646 497 707 inter
520 667 552 708 se
576 654 698 708 centum
721 653 831 726 patres,
855 645 959 706 decem
983 645 1115 707 decuriis

179 728 310 802 bfactis,
325 727 514 807 singulisque
541 727 574 787 in
601 726 737 806 singulas
758 725 899 786 decurias
922 725 1040 801 creatis,
1062 726 1116 806 qui

211 827 348 869 summae
371 827 473 868 rerum
497 815 678 886 praeessent,
700 805 883 866 consociant.
925 806 1040 866 Decem
1061 807 1116 865 im·

213 887 396 968 peritabant,
410 907 490 947 unus
503 905 574 946 cum
588 884 757 964 insignibus
774 884 897 964 imperii
910 892 942 946 et
953 885 1115 947 lictoribus

213 977 279 1028 erat
287 989 295 1040 ;
317 967 451 1046 quinque
465 967 584 1026 dierum
602 965 701 1044 spatio
714 964 877 1025 liniebatur
891 962 1063 1045 imperium,
1077 986 1115 1026 ao

212 1068 266 1127 per
286 1067 389 1107 omnes
410 1046 443 1105 in
466 1044 569 1106 orbem
594 1043 678 1118 ibat3
698 1064 895 1124 annuumque
914 1042 1115 1108 intervallum

160 1126 199 1188 10
213 1127 299 1206 regni
312 1125 380 1187 fuit.
421 1125 460 1185 Id
475 1124 514 1186 ab
528 1145 570 1198 re,
581 1125 663 1204 quod
677 1143 759 1184 nunc
771 1144 891 1205 quoque
900 1131 983 1186 tenet
993 1145 1114 1200 nomen,

212 1207 420 1286 interregnum
434 1205 632 1285 appellatum.

251 1285 395 1346 Fremere
414 1285 524 1346 deinde
544 1283 647 1364 plebs:
667 1283 906 1363 multiplicatam
924 1285 1113 1361 servitutem,

212 1375 333 1427 centum
344 1386 400 1445 pro
411 1386 472 1424 uno
483 1364 622 1425 dominos
635 1363 748 1438 faetos;
765 1385 821 1425 nec
832 1364 916 1426 ultra
929 1365 988 1426 nisi
1002 1386 1113 1446 regem,

211 1457 242 1507 et
256 1445 295 1506 ab
310 1445 382 1525 ipsis
397 1453 533 1506 creatum
547 1444 733 1505 videbantur
746 1444 874 1524 passuri.
916 1444 994 1506 (lum
1008 1447 1114 1507 sensis-

40 1594 44 1606 Ι
158 1525 197 1586 15
210 1534 278 1587 sent
301 1545 338 1586 ea
360 1524 477 1586 moveri
501 1532 612 1603 patres,
635 1523 822 1584 offerendum
842 1524 925 1586 ultro
949 1526 1009 1586 rati
1031 1527 1114 1604 quod

210 1605 351 1666 amissuri
371 1613 467 1677 erant,
481 1604 526 1665 ita
545 1603 678 1684 gratiam
698 1604 807 1665 ineunt
826 1624 946 1666 summa
964 1614 1115 1686 potestate

210 1685 323 1764 populo
344 1685 498 1764 permissa,
512 1692 623 1745 utnon
637 1682 706 1763 plus
727 1683 836 1744 darent
851 1685 931 1764 jurIs
951 1705 1044 1764 quam
1065 1686 1115 1746 de-

209 1766 350 1826 tinerent.
391 1763 603 1824 Decreverunt
615 1764 708 1837 enim,
722 1772 767 1837 ut,
781 1783 850 1824 cum
865 1765 997 1844 populus
1010 1785 1114 1846 regem

156 1924 196 1986 20
210 1843 360 1984 firssisset,
374 1842 406 1903 id
421 1843 463 1903 sic
477 1851 579 1903 ratum
592 1852 677 1916 esset,
686 1843 713 1903 si
728 1851 829 1922 patres
843 1853 983 1906 auctores
996 1843 1113 1908 fierent

245 1922 313 1983 odie
334 1942 453 2002 quoque
473 1922 506 1982 in
526 1922 646 2002 legibus
666 1923 955 2004 magistratibusque
968 1925 1114 2005 rogandis
1197 1953 1201 1955 ·
1235 1923 1241 1928 '

209 2012 374 2081 usurpatur
388 2002 469 2068 idem
480 2003 540 2081 jus,
554 2001 586 2064 vi
602 2001 762 2081 adempta:
784 2003 964 2084 priusquam
982 2006 1115 2084 populus

208 2083 387 2161 suffragium
407 2082 499 2154 ineat,
520 2082 552 2142 in
573 2082 726 2143 incertum
750 2083 944 2146 comitiorum
968 2095 1114 2148 eventum

208 2170 309 2242 patres
323 2171 460 2222 auctores
474 2161 561 2224 fiunt.

249 2242 327 2301 Tum
351 2242 496 2316 interrex,
517 2241 658 2304 contione
681 2243 842 2318 advocata,
864 2244 974 2325 “quod
997 2243 1114 2307 bonum

120 2361 122 2367 ι
154 2321 343 2386 25faustum
352 2321 489 2401 felixque
497 2321 566 2396 sit,''
577 2323 689 2403 inquit,
700 2329 718 2356 “
729 2323 874 2400 Quirites,
885 2345 987 2404 regem
995 2334 1111 2388 create:

208 2403 253 2463 ita
273 2401 412 2482 patribus
432 2402 534 2463 visum
553 2411 608 2464 est.
649 2403 757 2464 Patres
785 2403 904 2478 deinde,
926 2406 952 2466 si
972 2405 1112 2484 dignum,

208 2484 261 2563 qni
281 2481 431 2543 secundus
452 2481 491 2542 ab
513 2481 647 2543 Romulo
667 2492 852 2555 numeretur,
874 2485 1019 2558 crearitis,
1040 2505 1112 2546 auc-

207 2570 288 2622 tores
308 2562 411 2623 fient.”
453 2559 542 2623 Adeo
557 2562 589 2622 id
603 2571 726 2642 gratum
740 2562 824 2642 plebi
840 2564 910 2637 fuit,
924 2573 969 2639 ut,
983 2585 1021 2626 no
1034 2565 1111 2627 victi

65 2703 69 2710 ,
207 2641 353 2702 beneficio
366 2641 554 2716 viderentur,
568 2642 601 2702 id
615 2642 705 2702 modo
718 2643 880 2704 sciscerent
895 2644 1109 2724 juberentque,

154 2723 194 2784 30
208 2730 243 2782 ut
256 2729 378 2782 senatus
392 2721 576 2794 decerneret,
591 2722 645 2800 qui
660 2721 778 2783 Romae
791 2732 940 2802 regnaret

247 2800 376 2864 XVIII.
418 2801 532 2861 Inclita
548 2802 670 2880 justitia
690 2802 857 2882 religioque
877 2824 914 2864 ea
931 2811 1111 2884 tempestate

206 2879 328 2941 Numae
356 2879 490 2960 Pompili
518 2888 593 2942 erat.
635 2880 767 2942 Curibus
791 2883 913 2944 SabinIs
937 2883 1110 2959 habitabat,

207 2961 448 3022 consultissimus
468 2959 526 3034 vir,
544 2970 579 3020 ut
603 2960 637 3020 in
661 2961 717 3022 illa
741 2963 901 3042 quisquam
922 2984 986 3025 esse
1008 2973 1111 3026 aetate

205 3050 335 3120 poterat,
344 3040 442 3102 omnis
456 3040 556 3100 divini
569 3049 661 3119 atque
676 3042 803 3102 humani
811 3043 900 3121 juris.
941 3042 1110 3105 Auctorem

153 3121 193 3182 35
207 3121 364 3182 doctrinae
384 3121 458 3200 ejus,
480 3121 553 3198 quia
573 3141 635 3180 non
656 3131 743 3182 extat
763 3121 850 3195 alius,
871 3122 948 3185 falso
971 3124 1110 3186 Samium

207 3198 417 3280 Pythagoram
444 3199 549 3272 edunt,
575 3220 674 3279 quem,
695 3201 802 3264 Servio
830 3202 934 3264 Tullio
961 3224 994 3264 re
1016 3212 1110 3266 nante

207 3278 333 3352 Romae,
343 3289 465 3340 centum
480 3279 612 3358 amplius
648 3290 695 3341 ost
708 3301 813 3355 annos,
826 3281 860 3342 in
874 3283 985 3344 ultima
995 3226 1110 3345 Italiae

206 3380 261 3419 ora
285 3360 366 3420 circa
390 3359 604 3438 Metapontum
665 3360 874 3440 eracleamque
895 3372 925 3424 et
946 3364 1109 3426 Crotonem

210 3439 361 3518 juvenum
369 3437 591 3498 aemulantium
601 3439 704 3499 studia
714 3450 817 3502 coctus
826 3441 969 3504 habuisse
979 3453 1108 3507 constat.
