2616 3790
167 234 231 299 110
341 249 431 297 rrrr
457 245 554 298 n1v1
577 246 633 294 nn
656 245 771 297 vans
799 244 991 294 connrrn

218 405 306 478 foret,
320 425 382 466 non
402 412 468 465 crat
488 403 520 465 iu
541 403 643 464 auimo
661 421 769 464 manus
785 421 949 463 conserere.
991 400 1122 478 Quartis

219 486 324 547 castris
337 485 378 545 ad
393 483 530 545 Insulam
583 483 692 544 rvenit.
734 481 882 542 IbiIsara
893 481 1123 560 Rhodanusque

219 585 322 626 amnes
337 564 464 625 diversis
478 583 517 623 ex
564 562 664 642 lpibus
681 561 881 633 decurrentes,
896 561 963 641 agri
983 560 1123 640 aliquan·

219 655 285 706 tum
299 643 436 723 amplexi
449 642 609 704 confluunt
623 644 655 702 in
672 662 783 714 anum3
804 641 913 702 mediis
933 641 1049 718 campis
1070 640 1123 700 In-

185 724 304 786 bsulae
328 743 437 784 nomen
461 722 604 783 inditum.
646 721 790 782 Incolunt
814 741 909 800 prope
928 719 1123 799 Allobroges,

219 823 293 884 gens
309 804 375 883 jam
395 803 467 864 inde
487 801 575 862 nulla
595 800 719 864 Gallica
738 809 830 880 gente
845 800 953 879 opibus
969 809 1024 860 aut
1038 799 1123 860 fama

220 884 352 944 inferior.
395 883 475 943 Tum
498 882 613 943 discors
636 889 711 942 erat.
752 880 853 960 Regni
874 880 1040 940 certamine
1059 899 1124 940 am·

221 962 367 1042 bigebant
393 963 521 1037 fratres;
543 962 649 1041 major,
673 969 704 1020 et
728 961 782 1039 qui
808 959 893 1040 prius
920 958 1122 1038 imperitarat,

221 1043 360 1104 Braneus
373 1043 503 1115 nomine,
518 1041 635 1102 minore
649 1039 688 1101 ab
702 1040 798 1101 fratre
811 1048 842 1100 et
856 1048 944 1100 coetu
953 1039 1123 1118 juniorum,

168 1123 208 1185 10
222 1123 274 1202 qui
290 1124 360 1202 jure
380 1123 489 1194 minus,
505 1121 538 1183 vi
557 1121 626 1201 plus
646 1129 774 1199 poterat,
795 1119 977 1200 pellebatur.
1018 1118 1123 1197 Hujus

219 1202 376 1264 seditionis
396 1211 623 1281 peropportuna
643 1200 822 1280 disceptatio
843 1219 913 1260 cum
936 1199 977 1259 ad
1001 1198 1124 1259 Hanni·

220 1283 322 1343 balam
349 1283 461 1361 rejecta
488 1290 572 1353 esset,
593 1280 707 1341 arbiter
733 1278 820 1359 regni
847 1279 956 1353 factus,
976 1278 1058 1358 quod
1086 1298 1125 1340 ea

221 1369 342 1423 senatus
369 1361 603 1441 principumque
637 1361 788 1421 sententia
820 1359 931 1434 fuerat,
959 1358 1123 1439 imperium

221 1442 329 1522 majori
343 1442 484 1503 restituit.
524 1439 574 1502 Ob
588 1440 620 1500 id
633 1441 777 1501 meritum
791 1449 961 1502 commeatu
976 1439 1125 1519 copiaque

169 1520 208 1582 15
221 1543 324 1583 rerum
350 1522 497 1593 omniurn,
518 1522 652 1581 maxime
675 1521 776 1594 vestis,
797 1529 842 1582 est
868 1521 1001 1600 adjutus,
1029 1539 1125 1598 quam

222 1604 351 1664 infames
369 1602 534 1682 frigoribus
557 1601 654 1681 Alpes
676 1601 853 1681 praeparari
875 1600 1032 1680 cogebant
1073 1599 1126 1661 Se-

223 1683 302 1745 datis
336 1682 552 1744 certaminibus
585 1681 790 1762 Allobrogum
825 1702 895 1743 eum
925 1683 992 1763 jam
1025 1680 1125 1761 Alpes

244 1773 347 1838 steret,
374 1783 436 1824 non
469 1771 554 1824 recta
587 1763 709 1842 regions
739 1763 799 1823 iter
824 1763 968 1836 instituit,
995 1762 1048 1822 sed
1081 1761 1125 1823 ad
1194 1785 1197 1790 ·

222 1784 343 1906 laevam
370 1843 402 1903 in
429 1843 614 1904 Tricastinos
642 1843 745 1915 flexit;
774 1843 845 1904 inde
912 1863 927 1902 r
954 1852 1126 1904 extremam

170 1917 210 1984 20
223 1943 308 1984 oram
329 1923 550 1985 Vocontiorum
577 1923 645 2004 agri
671 1924 771 1984 tendit
798 1924 832 1983 in
886 1924 1019 1996 ricorios,
1047 1923 1125 1983 haut

223 2022 350 2083 usquam
371 2004 508 2082 inpedita
529 2003 581 2066 via
600 2004 778 2098 priusquam
802 2004 842 2064 ad
865 2003 1049 2064 Druentiam
1068 2001 1127 2062 flu·

222 2103 293 2144 men
313 2084 461 2163 pervenit.
503 2083 534 2144 Is
554 2092 585 2145 et
605 2104 669 2163 lpse
682 2083 817 2162 Alpinus
837 2085 935 2144 amnis
955 2083 1045 2162 longe
1063 2102 1127 2143 om-

223 2164 310 2223 nium
338 2162 462 2225 Galliae
487 2163 650 2224 fluminum
678 2163 878 2225 difficillimus
905 2164 1038 2224 transitu
1062 2172 1126 2235 est;

223 2263 305 2317 nam,
329 2263 400 2304 cum
423 2263 521 2323 aquae
545 2245 609 2305 rim
631 2244 725 2306 vehat
748 2244 912 2323 ingentem,
936 2263 998 2304 non
1022 2253 1127 2304 tamen

171 2319 211 2384 25
224 2325 350 2385 navium
363 2324 481 2402 patiens
495 2332 548 2396 est,
583 2324 636 2384 uia
648 2324 743 2384 nullis
764 2323 912 2385 coercitus
921 2323 1014 2402 ripis,
1029 2323 1127 2402 pluri-

224 2403 281 2464 bus
304 2403 395 2464 simul
420 2423 518 2483 neque
542 2344 637 2464 silem
661 2404 757 2465 alveis
780 2403 886 2476 fluens,
907 2423 989 2464 nova
1008 2422 1128 2481 semper

224 2484 307 2545 vada
320 2503 473 2562 novosque
487 2484 631 2564 gurgites,
648 2489 693 2562 (et
709 2482 748 2544 ob
769 2485 875 2544 eadem
892 2483 989 2562 pediti
1007 2502 1128 2562 quoque

225 2562 341 2624 incerte
355 2565 407 2624 via
422 2569 491 2642 est)
510 2563 551 2624 ad
571 2564 629 2624 hoc
649 2583 725 2624 saxa
745 2563 882 2643 glareosa
896 2561 1033 2636 volvens,
1046 2561 1127 2622 nihil

225 2642 335 2703 stabile
348 2662 404 2704 nec
418 2652 520 2704 tutum
535 2643 719 2723 ingredienti
734 2643 868 2722 praebet.
910 2643 954 2704 Et
967 2651 1033 2704 tum
1049 2642 1128 2702 forte

172 2720 212 2785 30
226 2721 375 2782 imbribus
395 2731 503 2784 auctus
523 2723 677 2802 ingentem
699 2722 993 2802 transgredientibus
1014 2721 1128 2782 tumul·

225 2810 293 2861 tum
320 2800 402 2876 fecit,
425 2822 494 2862 cum
516 2823 608 2882 super
630 2811 730 2863 cetera
757 2803 961 2882 trepidatione
985 2803 1044 2881 ipsi
1071 2822 1129 2862 sua

225 2890 318 2960 atque
337 2881 460 2943 incertis
474 2881 659 2942 clamoribus
679 2882 886 2943 turbarentur.

266 2961 416 3022 XXXII.
458 2962 492 3022 P.
521 2961 680 3023 Cornelius
708 2963 812 3022 consul
835 2961 938 3022 triduo
962 2961 1025 3023 fere
1070 2969 1130 3022 ost·

225 3062 319 3120 quam
347 3039 506 3101 Hannibal
536 3061 555 3100 a
582 3041 650 3121 ripa
677 3041 824 3102 Rhodani
848 3043 954 3115 movit,
978 3062 1019 3121 qu
1061 3050 1129 3102 rato

174 3119 213 3181 35
227 3122 350 3198 agmine
362 3119 402 3179 ed
417 3130 516 3180 castra
530 3121 662 3180 hostium
676 3130 811 3194 venerat,
825 3122 944 3182 nullam
959 3120 1130 3188 dimicandi

228 3219 345 3258 moram
369 3199 522 3269 facturus3
550 3208 684 3259 ceterum
712 3199 765 3259 ubi
793 3201 912 3261 deserta
939 3202 1132 3260 munimenta

228 3297 284 3336 nec
304 3277 394 3337 facile
414 3296 446 3336 se
465 3285 585 3336 tantum
604 3297 790 3356 praegressos
804 3280 1019 3340 adsecuturum
1034 3279 1131 3352 videt,

229 3356 269 3414 ad
285 3376 367 3415 mare
382 3375 418 3415 ac
432 3375 524 3415 naves
539 3355 638 3427 rediit,
650 3357 746 3417 tutius
756 3357 938 3437 faciliusque
952 3360 997 3418 ita
1010 3359 1133 3418 descen·

229 3432 314 3493 denti
328 3433 367 3494 ab
382 3431 515 3511 Alpibus
536 3433 708 3494 Hannibali
730 3457 917 3498 occursurus.
959 3438 1008 3498 Ne
1027 3446 1131 3498 tamen
