2572 3790
152 283 195 347 60
327 300 417 346 rrrr
442 297 539 349 nrvr
561 297 617 347 An
640 297 756 348 vnnn
784 295 974 345 unumne

205 456 298 516 etiam
313 456 453 517 credente
466 455 595 517 militiae
608 475 701 535 quam
716 454 799 516 domi
813 454 963 535 juvenum
978 471 1106 532 corpora

206 557 276 610 esse,
294 537 389 597 donee
410 536 473 615 ipse
493 555 612 616 quoque
633 533 800 628 longinquo
825 533 930 594 morbo
951 542 996 593 est
1015 532 1106 609 inpli-

205 626 300 677 catus.
341 615 428 676 Tunc
455 615 531 676 adeo
558 615 649 676 fracti
675 615 767 674 srmul
791 634 862 674 cum
887 633 1011 692 corpore
1034 619 1107 672 sunt

205 697 329 776 spiritus
352 695 401 756 illi
422 694 545 768 feroces,
570 703 614 769 ut,
637 694 690 772 qui
714 693 793 754 nihil
821 701 892 754 ante
917 701 1002 754 ratus
1030 701 1107 752 esset

150 806 152 815 ¹
172 777 307 837 dminus
327 775 445 856 regium
465 795 558 856 quam
578 775 671 834 sacris
692 773 802 834 dedere
821 773 968 845 animum,
983 781 1107 851 repente

206 856 346 917 omnibus
360 855 478 935 magnis
491 854 655 935 parvisque
674 853 938 934 superstitionibus
956 851 1108 913 obnoxius

206 936 339 1016 degeret,
362 935 619 1016 religionibusque
653 933 747 994 etiam
780 933 929 1013 populum
966 931 1107 1011 inpleret

93 1082 99 1099 ι
204 1015 311 1096 Vulgo
334 1017 401 1096 jam
425 1015 570 1088 homines,
594 1034 665 1074 eum
691 1021 806 1074 statum
833 1033 945 1086 rerum,
969 1012 1022 1092 qni
1049 1011 1107 1072 sub

113 1088 124 1110 i
207 1095 312 1156 Numa
334 1116 405 1176 rege
427 1095 536 1169 fuerat,
560 1094 756 1173 requirentes,
781 1114 876 1153 unam
899 1113 988 1172 opem
1008 1092 1108 1173 aegris

122 1248 125 1255 st
153 1175 193 1238 10
207 1175 385 1255 corporibus
404 1175 553 1248 relictam,
573 1174 601 1235 si
620 1195 684 1254 pax
705 1174 855 1253 veniaque
874 1172 915 1234 ab
935 1173 994 1234 diis
1014 1173 1109 1252 impe-

138 1308 150 1322 .,
206 1263 288 1316 trata
311 1262 395 1328 esset,
420 1254 593 1317 credebant.
635 1253 741 1334 Ipsum
769 1273 870 1334 regem
893 1254 1019 1315 tradunt
1044 1253 1109 1316 vol-

145 1390 156 1402 .
206 1345 329 1398 ventem
362 1335 584 1397 coementarios
617 1334 749 1409 Numae,
776 1354 847 1395 cum
881 1334 926 1395 ibi
956 1333 1109 1413 quaedam

157 1413 160 1433 ¹
206 1416 328 1477 occulta
350 1415 511 1477 sollemnia
531 1414 682 1476 sacrificia
699 1413 774 1477 «Iovi
796 1414 905 1476 Elicio¹
919 1413 1003 1475 faeta
1024 1414 1109 1475 inve·

205 1496 306 1570 nisset,
321 1504 479 1576 operatum
493 1495 531 1556 iis
544 1495 638 1556 sacris
651 1497 683 1555 se
696 1495 867 1568 abdidisse;
888 1494 941 1556 sed
962 1514 1024 1554 non
1046 1493 1107 1554 rite

154 1575 193 1636 15
206 1575 318 1636 initum
328 1584 383 1636 aut
396 1583 537 1636 curatum
551 1574 585 1635 id
597 1595 718 1635 sacrum
729 1595 799 1648 esse,
810 1595 866 1635 nec
879 1574 978 1635 solnm
987 1572 1109 1634 nullam

206 1655 235 1715 ei
248 1653 384 1716 oblatam
395 1653 571 1715 caelestium
583 1655 724 1735 speciem,
733 1655 786 1715 sed
796 1655 843 1714 ira
851 1653 873 1716 J
874 1655 939 1717 ovis
948 1653 1110 1715 sollicitati

206 1754 303 1872 dim
313 1734 460 1813 religione
471 1734 599 1794 fulmine
610 1735 706 1795 ictum
716 1754 786 1795 cum
797 1734 887 1795 domo
898 1734 1109 1814 conflagrasse.
1150 1753 1156 1766 ·

234 1813 315 1874 ullus
337 1833 450 1894 magna
470 1813 570 1894 gloria
593 1813 669 1875 belli
693 1814 835 1895 regnavit
857 1833 953 1874 annos
977 1814 1053 1874 duos
1078 1821 1110 1874 et

205 1893 244 1954 tri
267 1895 341 1955 inta

72 2017 92 2032 ‚„
151 1971 193 2038 20
246 1915 396 2036 gXXXII.
436 1973 561 2036 Mortuo
568 1972 732 2048 Tullo,res,
740 1983 776 2035 ut
783 1974 958 2036 institutum
963 1974 1029 2056 jam
1036 1973 1110 2034 inde

206 2052 246 2114 ab
256 2054 344 2114 initio
354 2062 428 2128 erat,
439 2055 480 2115 ad
489 2063 591 2134 patres
604 2054 745 2129 redierat,
756 2054 849 2133 hique
862 2055 1043 2134 interregem
1056 2075 1110 2116 no-

205 2133 407 2196 minaverant.
449 2134 520 2211 Quo
534 2135 658 2195 comitia
671 2134 803 2195 habente
816 2136 941 2194 Ancum
955 2135 1110 2195 Marcium

204 2234 238 2275 re
260 2234 308 2274 em
320 2214 452 2294 populus
466 2214 598 2288 creavit3
619 2223 721 2294 patres
734 2214 819 2274 fuere
832 2223 978 2276 auctores.

277 2315 366 2354 umae
393 2293 527 2372 Pompili
554 2294 633 2374 regis
660 2313 763 2374 nepos,
789 2293 856 2354 iilia
882 2303 975 2369 ortus,
1000 2294 1109 2356 Ancus

151 2377 192 2440 25
205 2373 341 2436 Marcius
355 2382 430 2436 erat
472 2373 537 2451 Qui
557 2383 593 2435 ut
613 2394 740 2453 regnare
760 2375 869 2454 coepit,
883 2382 915 2434 et
927 2375 1031 2437 avitae
1044 2375 1108 2454 glo·

204 2455 270 2515 riae
289 2475 405 2516 memor
424 2461 455 2515 et
475 2454 549 2534 quia
568 2455 744 2534 proximum
760 2473 898 2534 regnum,
912 2463 1013 2515 cetera
1025 2475 1110 2534 egre·

204 2535 300 2614 gium,
314 2534 354 2595 ab
368 2555 431 2596 una
444 2542 532 2614 parte
545 2534 622 2595 haut
641 2534 714 2595 satis
734 2554 912 2614 prosperum
928 2534 1038 2608 fuerat,
1052 2543 1109 2596 aut

205 2613 351 2692 neglectis
375 2613 574 2694 religionibus
595 2622 651 2675 aut
673 2634 768 2693 prave
790 2614 889 2688 cultis,
914 2613 1005 2694 longe
1029 2615 1109 2675 anti·

204 2694 383 2772 quissimum
403 2703 487 2755 ratus
509 2714 598 2756 sacra
617 2693 744 2774 publica
756 2702 792 2754 ut
806 2713 826 2754 a
839 2694 945 2755 Numa
964 2695 1109 2756 instituta

151 2776 192 2839 30
206 2781 294 2834 erant
307 2773 416 2847 facere,
430 2774 533 2834 omnia
552 2794 589 2835 ea
608 2795 649 2835 ex
668 2773 892 2834 commentariis
911 2775 990 2854 regis
1008 2774 1109 2854 ponti-

205 2851 293 2913 ficem
306 2853 339 2912 in
353 2852 459 2914 album
473 2853 554 2914 elata
567 2874 736 2934 proponere
748 2854 781 2914 in
796 2853 920 2934 publico
930 2854 1030 2934 jubet.

245 2932 323 2994 Inde
336 2941 368 2994 et
381 2933 499 2995 civibus
513 2933 569 2995 otii
582 2934 702 3013 cupidis
721 2942 752 2994 et
768 2933 908 2994 finitimis
929 2933 1108 2996 civitatibus

204 3012 288 3075 facta
307 3033 384 3094 spes,
403 3013 436 3073 in
456 3013 508 3076 avi
528 3034 625 3074 mores
645 3022 737 3093 atque
758 3013 900 3074 instituta
920 3034 1022 3094 regem
1043 3014 1109 3075 abi-

204 3102 317 3154 turum.
359 3093 462 3172 Igitur
483 3094 598 3167 Latini,
620 3114 691 3154 cum
713 3093 824 3173 quibus
847 3092 939 3154 Tullo
960 3105 1109 3174 regnante

150 3175 190 3235 35
204 3173 301 3233 ictum
314 3172 420 3233 foedus
433 3182 508 3246 erat,
522 3172 708 3234 sustulerant
721 3174 848 3248 animos,
862 3183 902 3247 et,
916 3194 987 3234 eum
1007 3173 1109 3235 incur·

203 3252 320 3312 sionem
340 3252 374 3311 in
398 3272 506 3331 agrum
531 3251 705 3312 Romanum
729 3253 879 3326 fecissent,
900 3255 1109 3333 repetentibus

203 3352 250 3391 res
275 3331 423 3392 Romanis
446 3330 575 3410 superbe
602 3352 777 3410 responsum
803 3332 946 3407 reddunt,
971 3333 1109 3396 desidem

205 3411 380 3472 Romanum
395 3430 496 3489 regem
515 3409 596 3471 inter
613 3411 727 3474 sacella
747 3421 778 3474 et
797 3432 866 3474 aras
887 3421 1031 3475 acturum
1044 3435 1109 3476 esse

203 3510 332 3569 regnum
345 3489 413 3550 rati.
