2572 3790
171 218 201 330 J
460 247 594 294 muna
618 247 643 312 1,
673 231 801 298 10-11.
1086 231 1127 296 27

218 403 261 466 Χ.
302 404 375 467 Jam
399 404 564 466 admodum
587 404 719 484 mitigati
743 404 838 465 animi
863 406 958 484 raptis
979 413 1076 467 erant.

177 483 223 547 At
247 495 404 564 raptarum
429 495 568 564 parentes
595 496 660 544 tum
689 486 823 544 maxime
850 485 972 545 sordida
995 495 1077 548 veste

177 564 372 644 lacrimisque
391 574 422 626 et
441 564 584 643 querellis
605 565 744 625 civitates
764 564 969 626 concitabant
1010 566 1077 627 Nec

178 643 262 704 domi
282 654 403 704 tantum
423 643 647 724 indignationes
668 643 875 715 continebant,
889 645 941 704 sed
955 666 1077 740 congre-

177 723 331 803 gabantur
348 724 484 802 undique
503 724 544 784 ad
563 724 668 785 Titum
689 723 821 797 Tatium,
836 745 937 804 regem
952 724 1076 786 Sabmo-
1110 724 1130 786 ὃ

177 823 256 878 rum,
270 812 301 864 et
315 803 479 883 legationes
492 823 537 877 eo,
547 803 629 883 quod
644 804 813 864 maximnm
827 803 908 865 'latii
920 825 1029 866 nomen
1044 806 1077 867 in

178 883 216 944 iis
224 883 397 962 regionibus
406 884 717 956 erat,conveniebant
745 883 946 945 Caeninenses
954 884 1077 947 Crustu·

177 963 315 1042 minique
334 972 365 1024 et
378 963 580 1024 Antemnates
600 972 696 1037 erant,
711 962 751 1024 ad
768 983 843 1042 quos
863 965 926 1043 ejus
946 965 1077 1058 injuriae

178 1063 249 1122 pars
263 1043 442 1122 pertinebat
485 1043 582 1104 Lente
605 1061 696 1122 agere
718 1043 766 1103 his
786 1042 892 1104 'latius
912 1043 1077 1124 Sabinique

178 1123 236 1185 visi
249 1133 338 1197 sunt;
352 1123 410 1202 ipsi
424 1124 549 1184 interce
563 1133 623 1184 tres
633 1122 740 1202 populi
751 1123 951 1184 communiter
961 1123 1076 1186 bellum
1093 1124 1131 1184 10

178 1213 298 1282 parant.
339 1202 406 1264 Nec
420 1203 609 1264 Crustumini
628 1203 751 1282 quidem
772 1212 864 1282 atque
877 1203 1077 1266 Antemnates

178 1303 235 1363 pro
262 1283 370 1344 ardore
396 1283 502 1364 iraque
530 1283 765 1344 Caeninensium
798 1283 872 1343 satis
899 1303 930 1344 se
958 1284 1078 1364 inpigre

179 1373 318 1436 movent3
333 1364 379 1424 ita
390 1383 446 1443 per
457 1383 489 1423 se
503 1363 604 1442 ipsum
617 1383 726 1423 nomen
741 1362 910 1423 Caeninum
924 1364 957 1423 in
970 1383 1078 1443 agrum

179 1443 353 1504 Romanum
367 1444 514 1524 impetum
528 1443 610 1504 facit
651 1441 711 1503 sed
730 1443 823 1502 effuse
836 1443 1028 1504 vastantibus
1041 1444 1078 1504 fit

180 1523 288 1584 obvius
316 1545 386 1584 cnm
414 1524 550 1584 exercitu
578 1521 738 1595 Romulus,
765 1521 888 1600 levique
915 1523 1079 1584 certamine
1094 1523 1132 1584 15

180 1604 277 1676 docet,
304 1623 417 1665 vanam
443 1604 509 1664 sine
535 1602 653 1665 viribus
681 1602 759 1661 iram
786 1621 857 1662 esse.
898 1601 1079 1664 Exercitum

180 1683 283 1744 fundit
296 1683 452 1764 firgatque,
463 1683 565 1746 fusum
579 1681 786 1762 persequitur;
801 1701 901 1760 regem
917 1682 950 1741 in
963 1683 1079 1762 proelio

180 1763 344 1825 obtruncat
370 1773 400 1824 et
426 1763 554 1843 spoliat;
583 1763 661 1823 duce
686 1761 819 1822 hostium
846 1762 945 1824 occiso
972 1763 1079 1826 urbem

179 1845 279 1924 primo
299 1844 415 1924 impetu
436 1844 527 1923 capit.

220 1923 299 1984 Inde
318 1925 454 1986 exercitu
468 1924 584 1987 victore
603 1923 738 1997 reducto,
752 1921 825 2004 ipse,
840 1943 909 1984 oum
926 1922 1016 1985 factis
1030 1925 1079 1986 vir
1093 1923 1134 1986 20

179 2003 360 2084 magnificus
367 2012 434 2064 tum
442 2004 593 2065 factorum
604 2013 771 2064 ostentator
780 2004 858 2065 haut
865 2003 973 2078 minor,
982 2004 1080 2084 spolia

180 2084 268 2146 ducis
291 2083 424 2146 hostium
448 2084 527 2144 caesi
549 2104 693 2177 suspensa
717 2083 867 2144 fabricato
891 2083 984 2145 adid
1009 2093 1080 2163 apte

181 2163 297 2225 ferculo
311 2185 417 2244 gerens
429 2164 462 2224 in
477 2163 665 2244 Capitolium
686 2164 828 2238 escendit,
842 2164 946 2243 ibique
960 2185 1081 2226 cacum

181 2245 222 2305 ad
236 2265 380 2324 quercum
394 2243 563 2323 pastoribus
576 2264 694 2304 sacram
708 2244 900 2336 deposuisset,
911 2243 1080 2304 simulcum

182 2325 262 2386 dono
277 2325 449 2404 designavit
461 2324 577 2404 templo
590 2323 613 2385 J
614 2323 679 2384 ovis
699 2322 768 2383 finis
788 2344 1014 2404 cognomenque
1028 2325 1080 2385 ad·
1093 2323 1134 2386 25

181 2404 263 2464 didit
287 2404 353 2466 deo.
396 2405 570 2485 “luppiter
592 2402 739 2477 Feretri‚”
762 2403 872 2482 inquit,
898 2404 999 2465 “haee
1022 2405 1080 2464 tibi

181 2484 283 2546 victor
295 2483 444 2546 Romulus
458 2505 514 2545 rex
527 2485 613 2564 regia
625 2504 710 2544 arma
724 2482 797 2556 fero,
811 2482 1019 2563 templumque
1032 2485 1080 2545 his

181 2563 366 2644 regionibus,
381 2585 455 2644 quas
480 2565 569 2626 modo
593 2563 696 2624 animo
720 2572 850 2624 metatus
873 2583 949 2637 sum,
964 2564 1080 2639 dedico,

181 2645 283 2705 sedem
304 2645 413 2725 opimis
433 2644 549 2725 spoliis,
564 2665 650 2726 quae,
665 2643 786 2722 regibus
807 2643 995 2724 ducibusque
1015 2645 1081 2705 hos·

181 2725 261 2786 tium
276 2725 378 2800 caesis,
392 2746 441 2786 me
455 2734 610 2786 auctorem
624 2733 780 2802 sequentes
793 2724 906 2802 posteri
919 2724 1047 2787 ferent.''
1095 2725 1135 2788 30

222 2803 311 2866 Haec
324 2806 433 2886 templi
445 2815 490 2867 cst
503 2805 598 2884 origo,
613 2803 694 2884 quod
736 2803 848 2863 rimum
868 2805 1004 2866 omnium
1021 2805 1081 2866 Ro·

181 2904 250 2945 mac
264 2896 416 2947 sacratum
429 2894 482 2947 est.
523 2884 694 2946 Itadeinde
725 2883 762 2943 iis
772 2883 880 2957 visum,
889 2904 944 2945 nec
955 2886 1081 2946 inritam

182 2965 349 3027 conditoris
368 2966 476 3046 templi
497 2985 604 3028 vocem
624 2984 695 3037 esse,
718 2983 780 3042 qua
793 2962 908 3025 laturos
929 2985 964 3026 eo
983 2965 1082 3045 spolia

182 3054 317 3124 posteros
330 3046 530 3125 nuncupavit,
544 3065 601 3105 nec
620 3042 819 3104 multitudine
838 3053 1002 3124 conpotum
1018 3047 1082 3125 ejus

183 3124 256 3184 doni
270 3125 392 3205 vulgari
411 3125 543 3187 laudem.
584 3124 667 3184 Bina
680 3131 793 3203 postea,
812 3123 892 3184 inter
912 3133 958 3185 tot
977 3146 1082 3200 annos,
1097 3125 1136 3185 35

183 3211 230 3264 tot
254 3204 343 3280 bella,
358 3205 461 3286 opima
485 3214 575 3285 parta
598 3212 670 3265 sunt
694 3202 809 3283 spolia:
830 3203 906 3264 adeo
927 3224 998 3265 rara
1019 3205 1083 3284 ejus

183 3283 308 3346 fortuna
327 3286 442 3347 decoris
461 3287 528 3347 fuit

225 3363 286 3425 XI.
326 3366 412 3426 Dum
434 3386 470 3426 ea
492 3365 537 3426 ibi
560 3361 694 3424 Romani
716 3369 835 3440 gerunt,
850 3361 1084 3421 Antemnatium
1170 3389 1198 3405 a

184 3445 337 3508 exercitus
352 3467 406 3526 per
419 3446 608 3506 occasionem
622 3463 659 3502 ac
672 3440 868 3501 solitudinem
886 3438 1038 3498 hostiliter
1052 3438 1086 3496 in
