2616 3790
107 167 171 231 156
275 181 365 228 rrrr
394 182 491 230 nrvr
520 181 577 229 An
606 183 723 232 vane
752 184 942 232 counire

159 340 258 421 posita
271 339 480 418 Instructaque
494 337 526 399 in
540 338 655 400 subitos
670 339 829 414 tumultus,
844 350 875 403 ct
893 363 948 405 suo
969 345 1065 408 militi

160 432 228 483 tuta
248 421 352 481 omnia
371 429 402 479 et
423 418 533 478 infesta
553 419 654 480 effusis
679 419 811 480 hostium
833 424 1066 501 populatoribus

161 501 345 583 praebebat;
366 519 463 579 neque
488 499 628 560 universo
653 500 789 579 periculo
817 523 936 564 summa
964 526 1066 566 rerum

162 580 418 654 committebatur,
438 591 469 641 et
489 599 587 660 parva
607 590 760 641 momenta
789 581 904 643 levium
929 588 1067 647 certami-

128 663 148 725 5
161 684 236 724 num
250 683 289 723 ex
303 670 370 723 tuto
385 671 570 740 coeptorum,
584 660 714 721 finitimo
736 674 868 742 receptu,
884 665 1067 728 adsuefacie-

161 745 236 806 bant
256 743 397 804 territum
418 742 554 822 pristinis
575 740 715 802 cladibus
737 742 867 804 militem
885 745 987 806 miuus
1000 747 1067 827 jam

161 824 285 886 tandem
299 832 354 885 aut
363 822 486 886 virtutis
497 831 552 882 aut
566 821 707 882 fortunae
718 823 875 902 paenitere
884 845 966 886 suae.
1007 825 1067 887 Sed

161 924 223 965 non
238 903 448 965 Hannibalem
462 903 559 982 magis
580 902 724 963 infestum
746 913 810 964 tam
831 905 912 964 sanis
934 907 1068 966 consiliis

161 985 294 1046 habebat
315 1006 406 1065 quam
428 984 605 1063 magistrum
629 983 777 1062 equitum,
799 984 853 1062 qui
873 985 951 1046 nihil
972 986 1067 1059 aliud,

109 1061 149 1126 10
161 1086 254 1144 quam
268 1067 349 1144 quod
364 1065 464 1144 impar
477 1073 543 1124 erat
556 1064 693 1143 imperio,
709 1084 813 1124 morae
826 1065 867 1124 ad
882 1084 945 1125 rem
968 1066 1068 1142 publi·

161 1165 229 1206 cam
253 1145 515 1226 praecipitandam
540 1142 683 1218 habebat,
709 1143 797 1204 ferox
825 1144 1010 1224 rapidusque
1034 1146 1067 1206 in

160 1225 294 1287 consiliis
314 1246 351 1286 ac
371 1225 478 1304 lingua
499 1224 678 1285 inmodicus.
720 1223 825 1285 PrImo
845 1225 926 1286 inter
943 1246 1066 1305 paucos,

160 1306 232 1367 dein
245 1305 404 1387 propalam
419 1307 451 1365 in
465 1305 586 1384 vulgus,
601 1324 657 1384 pro
672 1313 849 1380 cunctatore
865 1325 995 1384 segnem,
1010 1327 1066 1385 pro

160 1396 250 1448 cauto
263 1387 416 1459 timidum,
430 1386 587 1464 adfingens
598 1384 702 1446 vicina
713 1384 881 1446 virtutihus
895 1385 981 1458 vitia,
996 1406 1065 1446 con·

107 1463 304 1546 15pe11abat,
319 1465 543 1546 premendoque
557 1465 751 1544 superiorem,
766 1485 846 1544 quae
865 1465 996 1546 pessima
1016 1487 1065 1526 ars

159 1547 253 1687 nilrpiqs)
263 1547 414 1628 prosperis
426 1545 595 1606 multorum
610 1544 795 1606 successibus
810 1546 916 1618 crevit,
930 1564 994 1606 sese
1013 1566 1064 1607 ex-

158 1635 190 1689 to
216 1648 232 1687 e
254 1636 295 1688 at.

198 1706 294 1768 XIII.
335 1705 498 1768 Hannibal
511 1727 552 1768 ex
566 1705 710 1786 Hirpinis
724 1704 757 1766 in
772 1703 931 1766 Samnium
943 1705 1062 1780 transit,

158 1785 409 1849 Beneventanum
429 1787 506 1866 depo
529 1786 634 1847 ulatur
654 1805 772 1866 agrum,
788 1784 936 1846 Telesiam
956 1785 1063 1846 urbem

105 1865 372 1946 coaptamini
392 1867 485 1928 etiam
506 1807 545 1928 de
564 1867 717 1927 industria
737 1866 856 1940 ducem,
870 1865 897 1926 si
917 1866 995 1926 forts
1014 1885 1063 1926 ac-

156 1967 279 2007 censum
315 1953 362 2007 tot
402 1944 635 2024 indignitatibus
676 1965 709 2004 ac
743 1942 881 2004 cladibus
914 1944 1065 2004 sociorum

156 2027 314 2087 detrahere
332 2026 372 2086 ad
389 2045 495 2086 aecum
515 2033 666 2084 certamen
679 2024 780 2104 possit.
823 2023 908 2084 Inter
928 2023 1066 2083 multitu·

160 2103 262 2163 dinem
276 2104 425 2164 sociorum
439 2103 544 2163 Italici
556 2102 683 2181 generis,
699 2101 752 2181 qui
767 2101 807 2160 ad
821 2099 1064 2160 Trasumennum

160 2183 243 2262 capti
256 2183 295 2243 ab
310 2182 489 2244 Hannibale
503 2182 678 2261 dimissique
692 2182 824 2254 fuerant,
838 2189 899 2241 tres
913 2180 1064 2259 Campani

106 2264 146 2325 25
160 2264 275 2342 equites
288 2273 384 2336 erant,
400 2262 504 2323 multis
514 2263 579 2342 jam
594 2270 661 2323 tum
675 2261 781 2322 inlecti
795 2261 882 2322 donis
897 2261 1064 2339 promissis·

159 2363 218 2422 que
231 2343 419 2403 Hannibalis
434 2343 474 2404 ad
489 2342 695 2403 conciliandos
717 2340 913 2421 popularium
936 2340 1062 2401 animos

159 2423 206 2482 Hi
230 2423 415 2496 nuntiantes,
435 2423 460 2484 si
483 2423 517 2482 in
542 2422 743 2501 Campaniam
768 2420 935 2481 exercitum
959 2420 1063 2480 admo·

159 2503 260 2577 visset,
275 2503 399 2583 Capuae
412 2502 573 2583 potiendae
587 2501 707 2581 copiam
721 2501 794 2575 fore,
810 2521 879 2561 cum
898 2520 946 2561 res
966 2501 1064 2580 major

159 2604 252 2662 quam
272 2594 409 2644 auctores
429 2591 514 2656 esset,
536 2581 664 2642 dubium
689 2580 901 2642 Hannibalem
925 2579 1063 2640 alternis·

106 2664 146 2725 30
159 2684 218 2742 que
238 2663 382 2723 fidentem
401 2683 438 2724 ac
458 2662 645 2723 diffidentem
666 2671 769 2722 tamen
784 2669 819 2722 ut
833 2660 1004 2740 Campanos
1023 2681 1063 2720 ex

158 2744 285 2804 Samnio
311 2752 427 2822 peteret
461 2751 631 2803 moverunt.
673 2741 807 2802 Monitos
842 2740 934 2800 etiam
968 2748 1062 2819 atque

158 2824 251 2884 etiam
272 2831 308 2884 ut
327 2823 475 2903 promissa
494 2823 583 2883 rebus
605 2822 810 2895 adfirmarent,
821 2821 979 2902 jussosque
993 2840 1063 2881 cum

180 2903 298 2964 luribus
312 2914 343 2964 et
356 2903 511 2984 aliquibus
525 2903 700 2982 principum
715 2902 813 2962 redire
828 2901 868 2962 ad
882 2921 922 2974 se,
937 2900 1062 2961 dimisit.

158 2925 229 3062 lpse
243 2984 373 3063 imperat
394 2984 465 3044 duci
486 2992 521 3044 ut
541 3003 572 3043 se
593 2983 626 3042 in
647 3002 754 3060 agrum
769 2981 944 3042 Casinatem
959 2980 1062 3054 ducat,

105 3063 144 3124 35
158 3064 282 3124 edoctus
296 3085 314 3123 a
329 3064 433 3142 peritis
447 3063 615 3142 regionum,
624 3061 650 3122 si
664 3081 733 3122 eum
748 3061 861 3122 saltum
877 3070 1062 3140 occupasset,

158 3144 275 3203 exitum
294 3144 437 3204 Romano
458 3143 498 3203 ad
519 3163 606 3221 opem
627 3140 786 3202 ferendam
808 3141 898 3202 sociis
919 3140 1064 3200 interclu-

157 3243 279 3294 surum;
299 3222 351 3283 sed
374 3221 526 3282 Punicum
547 3221 714 3281 abhorrens
738 3220 777 3281 ab
802 3221 987 3282 Latinorum
1012 3240 1064 3280 no·

163 3303 279 3361 minum
302 3302 592 3380 pronuntiationem,
609 3301 771 3364 Casilinum
791 3323 846 3382 pro
867 3303 977 3364 Casino
998 3304 1064 3364 dux

165 3391 201 3441 ut
227 3382 376 3458 acciperet
403 3380 484 3452 fecit,
512 3400 693 3463 aversusque
720 3381 760 3442 ab
787 3403 842 3443 suo
875 3383 983 3447 itinere
1010 3405 1065 3464 per
