2616 3790
130 181 194 246 128
301 197 392 244 rrrr
419 196 518 245 n1v1
542 195 598 244 su
623 196 739 246 vasa
764 195 956 246 connisa

182 364 213 416 et
231 353 376 416 memoria
394 353 476 415 circa
496 374 532 414 ea
552 353 620 434 ipsa
639 353 707 414 loca
727 361 882 434 gestarum
896 374 998 414 rerum
1012 355 1085 418 freti

182 443 214 496 et
227 434 361 495 militurn
376 434 575 495 multitudino
589 454 626 495 ac
638 434 763 496 virtute

223 513 260 576 L.
302 513 368 594 Ubi
380 514 414 574 in
427 514 525 575 altum
546 514 644 576 evecti
663 523 744 587 sunt,
758 513 917 575 Romanus
931 534 1088 576 conserere

183 613 319 674 pugnam
333 602 417 655 etex
431 594 601 674 propinquo
616 594 696 656 vires
710 595 847 654 conferre
860 593 959 668 velle;
979 606 1088 656 contra

151 673 171 734 ὅ
184 674 308 735 eludere
321 672 451 747 Poenus,
464 683 495 734 et
515 685 589 747 arte,
604 694 666 734 non
680 674 800 748 vi,·rem
821 694 934 752 gerere,
948 675 1089 736 navium-

184 774 245 834 que
267 775 360 835 quam
383 755 518 816 virorum
547 763 602 816 aut
628 773 785 814 armorum
811 755 906 815 malle
932 763 1088 816 certamen

184 835 293 896 facere.
335 834 418 896 Nam
432 842 467 895 ut
479 833 568 896 sociis
582 832 745 896 navalibus
759 834 890 896 adfatim
903 835 1088 896 instructam

185 915 320 988 classem,
341 915 386 975 ita
405 915 527 994 inopem
547 914 646 975 milite
666 913 830 988 habebant,
845 924 885 988 ct,
898 914 998 975 sicubi
1017 935 1088 976 con·

184 1005 266 1056 serta
286 995 375 1056 navis
395 1007 479 1067 esset,
494 994 725 1074 hautquaquam
745 1014 803 1074 par
822 1015 967 1056 numerus
986 1014 1088 1056 arma·

132 1074 172 1137 10
186 1083 287 1138 torum
311 1095 351 1135 ex
374 1093 410 1134 ea
432 1075 599 1154 pugnabat.
641 1074 734 1152 Quod
758 1073 813 1134 ubi
839 1075 1087 1136 animadversum

185 1164 239 1230 est,
253 1164 285 1217 et
298 1154 445 1216 Romanis
460 1153 626 1216 multitudo
640 1175 696 1216 sua
709 1155 800 1215 auxit
817 1155 956 1216 animum
969 1164 1000 1216 et
1012 1174 1089 1234 pau·

185 1235 262 1298 citas
276 1235 339 1295 illis
352 1235 472 1296 minuit
514 1234 681 1315 Extemplo
701 1243 817 1315 septem
837 1255 931 1297 naves
952 1235 1090 1296 Punicae

187 1315 422 1389 circumventae,
449 1313 556 1394 fugam
583 1324 701 1376 ceterae
728 1323 882 1394 ceperunt
937 1314 1029 1376 Mille
1056 1323 1090 1376 et

186 1395 371 1477 septingenti
382 1395 467 1456 fuera
480 1395 514 1455 in
527 1395 658 1456 navibus
672 1395 769 1474 captia
780 1396 892 1457 milites
906 1404 1088 1474 nautaeque,

134 1476 174 1538 15
188 1477 221 1537 in
242 1476 291 1536 his
313 1484 374 1536 tres
396 1474 514 1536 nobiles
538 1473 848 1555 Carthaginiensium.
889 1475 1003 1537 Classis
1027 1475 1089 1536 Ro·

187 1576 280 1617 mana
299 1556 468 1649 incolumis,
489 1575 552 1649 uua
571 1565 694 1616 tantum
713 1555 868 1649 perforata
887 1556 971 1630 navi,
985 1555 1039 1617 sed
1051 1575 1090 1616 ea

99 1791 102 1797 Ι
188 1635 927 1797 qupqppnqppnrppppe,ppnqqtuffipptgms
946 1717 1013 1798 ejus
1033 1715 1089 1796 qui

188 1796 348 1857 Messanae
372 1805 468 1870 erant,
519 1797 539 1858 i.
565 1795 761 1876 Sempronius
785 1797 890 1858 consul
914 1797 1090 1858 Messanam

133 1875 273 1940 20venit.
316 1875 356 1935 Ei
376 1876 488 1936 fretum
508 1875 636 1936 intranti
657 1896 713 1936 rex
732 1876 829 1937 Hiero
851 1876 975 1936 classem
995 1897 1092 1936 ornia-

182 1961 241 2014 tam
268 1965 467 2035 ornatamque
495 1955 618 2017 obviam
646 1955 746 2029 duxit,
768 1964 1030 2035 transgressusque
1049 1975 1091 2016 ex

188 2032 273 2112 regia
287 2033 319 2093 in
333 2033 517 2112 praetoriam
531 2054 652 2107 navem,
666 2033 839 2114 gratulatus
858 2035 1001 2114 sospitem
1018 2054 1091 2095 cum

188 2113 325 2174 exercitu
339 2121 371 2174 et
383 2113 513 2174 navibus
526 2113 685 2176 advenisse
697 2123 897 2194 precatusque
910 2134 1091 2194 prosperum

189 2213 225 2254 ac
247 2192 367 2254 felicem
389 2193 422 2253 in
444 2191 580 2254 Siciliam
601 2195 774 2267 transitum,
787 2203 902 2255 statum
921 2194 1031 2255 deinde
1045 2194 1091 2255 in·

135 2273 176 2334 25
189 2273 273 2334 sulae
296 2282 327 2335 et
348 2272 646 2352 Carthaginiensium
667 2283 779 2335 conata
799 2274 949 2354 exposuit,
971 2273 1091 2354 pollici-

188 2362 297 2433 tusque
311 2362 364 2426 est,
378 2374 438 2432 quo
457 2354 559 2414 animo
582 2355 684 2433 priore
706 2353 787 2415 bello
807 2353 957 2434 populum
979 2355 1092 2422 Roma·

188 2454 263 2494 num
283 2433 405 2513 juvenis
426 2433 602 2514 adjuvisset,
627 2455 662 2495 eo
683 2454 785 2495 senem
808 2436 1005 2515 adjuturum
1027 2435 1091 2495 fru-

189 2522 325 2574 mentum
336 2514 576 2593 vestimentaque
589 2535 652 2576 sese
665 2513 836 2594 legionibus
846 2515 978 2576 consulis
990 2517 1092 2580 sociis-

136 2593 1092 2754 30tltltlihtlttqttttttltgtttlttltt

189 2755 261 2816 dam
288 2754 460 2816 volentibus
487 2776 582 2817 novas
609 2775 656 2816 res
683 2756 757 2816 fore.
798 2756 847 2817 Ob
872 2723 948 2817 liaeo
970 2698 1092 2818 (clonsui

188 2835 269 2896 nihil
302 2835 509 2895 cunctandum
536 2836 637 2897 visum
671 2836 746 2915 quin
779 2835 963 2916 Lilybaeum
996 2837 1093 2900 elassa

188 2924 313 2997 peteret.
348 2915 392 2977 Et
404 2936 460 2975 rex
473 2915 616 2995 regiaque
630 2914 733 2976 classis
746 2936 809 2976 una
822 2916 960 2995 profecti.
995 2917 1092 2979 Navi-

188 3005 295 3075 gantes
322 2995 403 3069 inde,
427 3004 598 3074 pugnatum
622 2996 663 3056 ad
686 2995 872 3076 Lilybaeum
895 2996 1037 3076 fusasque
1060 3005 1092 3058 et

136 3075 176 3136 35
190 3096 227 3136 ca
248 3085 294 3136 tas
314 3075 446 3136 hostium
467 3095 569 3148 naves,
589 3095 661 3135 acce
682 3095 740 3136 ere.

226 3097 285 3213 LI.
326 3154 358 3214 A
368 3153 518 3233 Lilybaeo
532 3153 648 3227 consul,
661 3097 800 3216 hlierone
813 3176 884 3217 cum
898 3155 992 3217 classe
1005 3157 1093 3236 regia

190 3231 312 3291 dimisso
326 3232 491 3311 relictoque
501 3243 639 3310 praetore
652 3234 693 3294 ad
706 3236 851 3295 tuendam
863 3235 985 3296 Siciliae
996 3256 1091 3309 oram,

190 3309 254 3385 ipse
276 3309 308 3367 in
330 3309 461 3368 insulam
483 3311 633 3384 Melitam,
648 3333 725 3391 quae
746 3335 765 3374 a
788 3313 1093 3394 Carthaginiensibus

189 3386 359 3460 tenebatur,
381 3389 509 3466 trajecit.
550 3390 739 3454 Advenienti
761 3393 926 3456 Hamilcar
947 3394 1093 3475 Gisgonis
