2628 3796
151 206 217 274 222
288 223 380 272 u1r1
408 223 506 273 n1V1
535 222 593 271 sn
621 223 739 272 vanu
766 221 960 272 cennius

202 466 585 551 xcv,7-o.-1=cnsm
607 485 747 535 vrcrvu
770 483 933 534 anricus
954 481 1106 532 nxcimn

431 571 465 621 n.
481 571 660 622 snurmvs
674 572 828 622 rsvnvs.

243 725 322 791 VII.
341 727 526 791 Sscunnrnr
538 747 606 789 eam
621 728 747 803 Paulus,
762 727 841 790 sieut
855 736 930 800 erat,
947 728 1109 790 victoriam

203 819 297 882 ratus,
317 808 456 871 victimas
476 809 586 870 cecidit
607 829 643 870 eo
664 811 790 882 nuntio;
812 817 851 883 et,
872 808 997 870 consilio
1017 809 1111 870 advo·

204 897 282 963 cato,
309 889 417 949 litterae
438 889 590 1029 praetoris
619 909 689 950 cum
726 889 888 962 recitasset,
916 889 955 966 Q.
983 888 1111 950 Aelium

204 968 393 1030 Tuberonem
420 969 541 1030 oviam
572 967 636 1046 regi
664 969 756 1042 misit,
787 977 900 1031 ceteros
927 989 1049 1029 manere
1076 969 1110 1028 in

172 1048 357 1128 bpraetoria
383 1047 548 1128 frequentis
578 1048 678 1128 jussit
737 1048 810 1110 Non
838 1048 915 1110 alias
941 1049 982 1110 sd
1009 1047 1110 1108 ullum

204 1128 411 1207 spectaculum
431 1138 518 1189 tanta
540 1127 706 1190 multitudo
730 1128 871 1191 occurrit
912 1127 1041 1189 Petrum
1061 1148 1111 1190 ae·

204 1217 268 1268 tate
280 1207 408 1288 Syphax
421 1227 476 1269 rex
494 1218 602 1288 captus
622 1209 655 1269 in
680 1218 780 1270 castra
800 1209 941 1270 Romana
959 1207 1111 1269 adductus

206 1295 289 1361 erat3
319 1297 530 1368 praeterquam
555 1289 636 1368 quod
663 1309 720 1350 nec
741 1309 797 1351 sua
820 1309 876 1350 neo
902 1289 1001 1369 gentis
1027 1287 1111 1350 fama

205 1367 435 1448 comparandus,
448 1378 523 1429 tunc
537 1368 666 1430 accessio
684 1368 794 1431 Punici
815 1368 890 1430 belli
910 1369 1018 1442 fuerat,
1031 1369 1112 1430 sicut

153 1447 193 1510 10
206 1447 335 1509 Gentius
348 1447 547 1510 Macedonici.
591 1449 719 1511 Perseus
743 1458 837 1529 caput
857 1447 931 1509 belli
951 1456 1033 1522 erat3
1054 1469 1110 1510 nec

206 1528 299 1606 ipsius
320 1537 449 1601 tantum,
469 1528 564 1607 patris
586 1531 636 1592 avi
659 1550 697 1590 ue
720 1536 938 1609 aetommqsoe,
954 1549 1028 1608 quos
1043 1549 1112 1589 sen·

205 1608 297 1686 guine
317 1627 354 1668 ac
373 1627 481 1687 genere
500 1551 707 1689 contingeiiat,
724 1610 807 1671 fama
827 1619 1019 1689 conspectum
1040 1629 1109 1670 eum

206 1687 363 1760 efficiebat,
396 1688 449 1749 sed
483 1689 669 1769 effulgebant
710 1689 873 1784 Philippus
906 1709 943 1750 ao
977 1688 1111 1768 Magnus

207 1767 394 1842 Alexander,
408 1767 461 1848 qui
475 1788 626 1829 summum
645 1770 799 1850 inperium
813 1788 845 1828 ru
867 1767 939 1830 orbe
959 1776 1110 1830 terrarum

154 1845 193 1907 15
207 1846 409 1908 Macedonum
430 1847 572 1909 fecerant.
617 1847 709 1912 Pullo
735 1849 849 1911 amictu
869 1869 934 1909 curn
954 1849 1018 1910 filio
1039 1849 1113 1910 Per-

206 1945 273 1987 seus
292 1927 442 2006 ingroesus
461 1936 515 1998 est,
528 1937 635 2003 castra,
655 1929 742 1990 nullo
765 1949 888 1990 suorum
910 1928 971 1989 alio
992 1929 1111 2003 comite,

265 2025 294 2066 m
327 2005 380 2087 qui
413 2008 510 2069 socius
545 2007 728 2070 calamitatis
765 2007 1012 2069 miserabiliorem
1039 2029 1111 2070 eum

203 2026 326 2146 &ret
367 2086 514 2168 Progredi
534 2108 608 2168 prae
627 2087 720 2150 turba
737 2087 963 2149 occurrentium
976 2087 1016 2148 ad
1028 2107 1114 2167 spec·

204 2165 342 2226 taculum
362 2185 423 2227 non
445 2176 573 2247 poterat,
588 2168 684 2230 donec
704 2189 724 2229 a
744 2166 867 2229 consule
887 2166 1009 2228 lictores
1028 2168 1114 2229 missi

150 2235 192 2301 20
203 2253 284 2319 munt,
295 2246 348 2325 qui
361 2256 511 2308 summoto
524 2248 583 2308 iter
596 2247 636 2308 ad
650 2247 837 2328 praetorium
851 2246 994 2308 moerent,
1035 2247 1114 2308 Con·

203 2326 337 2386 surrexit
360 2327 476 2401 consul,
496 2337 537 2402 et,
552 2328 644 2408 jussis
668 2329 772 2390 sedere
792 2326 861 2387 aliis
880 2346 1116 2407 progressusque

203 2405 341 2484 paulum,
364 2406 530 2469 introeunti
554 2407 620 2487 regi
643 2408 785 2469 dextram
808 2407 955 2487 porrexit,
976 2409 1115 2468 summit·

203 2494 377 2580 tentemque
395 2507 428 2549 se
448 2487 488 2548 ad
509 2488 600 2570 pedes
619 2487 752 2562 sustulit,
766 2507 822 2549 nec
843 2487 993 2566 attingere
1012 2507 1115 2566 genua

203 2584 317 2644 passus,
331 2568 540 2629 mnoduotum
554 2569 587 2629 in
602 2568 836 2629 tabernaculum
856 2567 1001 2631 adversus
1020 2567 1116 2631 advo·

150 2639 190 2702 25
203 2654 286 2705 catos
300 2646 330 2704 in
347 2647 507 2708 consilium
521 2649 676 2710 considere
686 2649 784 2729 jussit

244 2723 339 2786 VIII.
380 2727 485 2788 Prima
505 2729 695 2808 percontatio
716 2729 786 2801 fuit,
822 2748 863 2790 ua
878 2725 1021 2789 subactus
1034 2726 1116 2807 inju-

202 2802 251 2864 ria
274 2814 382 2866 eontra
404 2808 552 2888 populum
577 2809 753 2870 Romanum
779 2749 894 2870 billum
917 2816 981 2869 tam
1002 2806 1114 2868 infesto

202 2883 305 2946 animo
325 2888 511 2967 suscepisset,
550 2909 589 2950 uo
609 2909 642 2951 se
662 2908 852 2970 regnumque
870 2907 959 2948 suum
980 2887 1020 2948 ad
1040 2887 1115 2948 ulti-

202 2983 287 3025 mum
315 2965 477 3028 discrimen
505 2909 691 3032 adduceret?
739 2968 828 3043 Cum,
856 2988 1031 3048 responsum
1062 2988 1117 3028 ex·

149 3039 396 3124 aspectantibus
417 3047 542 3120 cunctis,
557 3057 670 3109 terram
684 3051 806 3111 intuens
821 3048 875 3109 diu
890 3048 1000 3116 tacitus
1016 3046 1116 3122 fleret,

202 3145 322 3186 rursum
338 3127 460 3188 consul:
482 3127 535 3187 “si
544 3127 667 3207 juvenis
681 3150 809 3211 regnum
823 3129 995 3208 accepisses,
1009 3127 1115 3189 minus

202 3205 342 3282 equidem
362 3207 498 3281 mirarer,
513 3208 667 3288 ignorasse
686 3219 725 3283 te,
740 3230 832 3288 quam
853 3209 957 3288 gravis
970 3216 1025 3269 aut
1039 3208 1117 3268 ami·

202 3301 255 3344 cus
269 3295 323 3344 aut
337 3286 478 3347 inimicus
492 3294 569 3347 esset
581 3287 715 3367 populus
736 3289 911 3361 Romanus;
932 3308 1014 3348 nunc
1030 3307 1115 3362 vero,

202 3380 271 3420 eum
293 3371 324 3422 et
343 3363 424 3423 bello
445 3366 540 3443 patris
560 3369 615 3438 tui,
630 3368 713 3445 quod
733 3367 891 3428 nobiscum
905 3368 1006 3447 gessit,
1021 3367 1116 3428 inter·

148 3433 188 3494 35
201 3437 315 3513 fuisses,
336 3451 368 3502 et
389 3445 473 3520 pacis
494 3452 607 3522 postea,
628 3466 722 3524 quam
745 3467 816 3508 cum
838 3467 959 3508 summa
980 3447 1040 3508 fide
1063 3447 1116 3508 ad·
