2616 3790
468 276 602 324 arasa
623 275 722 343 xxr,
746 257 889 325 55—56.'
1109 256 1172 321 13³

213 431 303 493 midis
322 431 437 493 incauti
458 432 677 513 exciperentur,
691 433 777 513 signo
797 453 863 494 rece
885 431 930 492 tui
944 431 1015 493 dato
1036 451 1120 492 revo·

214 521 295 574 catos
330 512 529 574 circumdedit
562 513 722 592 peditibus.
778 512 831 574 Du
872 512 998 606 eviginti
1032 511 1119 571 milia

214 591 354 652 Romana
368 600 463 666 erant,
476 592 589 653 socium
603 593 733 653 nominis
751 591 856 654 Latini
869 593 988 672 viginti,
1001 591 1120 652 auxilia

213 682 369 751 praeterea
389 671 648 746 Cenomanorum
675 693 712 734 ea
738 673 803 734 sola
830 673 861 732 in
881 673 941 734 fide
967 679 1119 732 manserat

215 751 336 812 Gallica
355 773 436 832 gens.
490 752 533 814 Iis
553 753 646 832 copiis
673 773 851 814 concursum
872 761 924 813 est
963 750 1118 814 Proelium
1152 748 1171 809 δ

214 853 234 892 a
254 832 428 894 Baliaribus
448 841 548 893 ortum
569 842 631 905 est;
652 832 762 912 quibus
782 853 852 894 cum
878 829 993 912 majore
1012 832 1118 894 robore

214 911 346 991 legiones
365 912 551 986 obsisterent,
571 911 696 974 diducta
716 933 842 993 propere
861 913 894 974 in
914 933 1027 974 cornua
1043 912 1118 974 levis

214 1001 371 1053 armatura
390 1000 442 1065 est,
457 1012 535 1071 quae
554 1012 600 1052 res
620 991 717 1054 effecit
736 1002 772 1054 ut
791 993 942 1086 equitatus
962 992 1118 1053 Romanus

214 1071 367 1151 extemplo
386 1079 552 1152 urgeretur.
593 1071 675 1132 Nam
702 1092 772 1132 cum
795 1093 850 1135 vix
865 1073 931 1152 jam
950 1092 1005 1152 per
1024 1093 1055 1133 se
1075 1091 1119 1132 re·

213 1152 351 1211 sisterent
377 1151 479 1211 decern
505 1149 629 1211 milibus
655 1152 791 1230 equitum
812 1161 955 1230 quattuor
973 1153 1068 1225 milia,
1089 1148 1172 1212 et10

207 1230 278 1291 fessi
304 1233 430 1312 integris
458 1233 619 1314 plerisque,
657 1231 760 1293 obruti
788 1241 860 1294 sunt
886 1231 955 1292 insu
994 1251 1011 1291 r
1037 1229 1123 1292 velut

206 1311 289 1372 nube
297 1313 471 1393 jaculorum
485 1312 699 1374 aBaliaribus
726 1314 872 1394 conjecta.
914 1313 944 1372 A
987 1311 1045 1372 hoc
1064 1311 1122 1372 ele·

205 1390 315 1469 phanti
327 1394 489 1455 eminentes
506 1393 545 1455 ab
564 1394 709 1455 extremis
729 1392 880 1467 cornibus,
892 1393 976 1472 equis
987 1392 1123 1452 maxime

204 1490 267 1531 non
280 1474 350 1534 visu
364 1474 461 1547 modo,
476 1474 529 1535 sed
547 1474 639 1536 odore
657 1474 780 1536 insolito
797 1474 920 1547 territis,
935 1473 1041 1552 fugam
1059 1472 1122 1534 late
1237 1522 1243 1532 .

203 1549 368 1614 faciebant
410 1554 563 1616 Pedestria
581 1575 686 1634 pugna
703 1575 760 1635 par
776 1554 888 1616 animis
910 1554 1008 1632 magis
1029 1551 1175 1633 quam15

203 1630 321 1693 viribus
334 1642 408 1707 erat,
424 1654 499 1716 quas
513 1636 644 1696 recentis
665 1635 794 1709 Poenus,
812 1634 906 1715 paulo
921 1644 992 1694 ante
1006 1635 1121 1696 curatis

202 1713 390 1791 corporibus,
404 1715 437 1775 in
451 1715 604 1794 proelium
625 1715 790 1789 attulerat;
816 1724 923 1776 contra
939 1716 1047 1796 jejuna
1065 1715 1120 1777 fes·

201 1810 296 1871 saque
317 1814 445 1873 corpora
468 1795 616 1857 Romanis
645 1804 676 1856 et
699 1796 831 1876 rigentia
874 1795 925 1858 elu
946 1796 1117 1876 torpebant.

201 1871 397 1936 Restitissent
417 1884 520 1936 tamen
544 1876 664 1949 animis,
682 1876 709 1938 ai
726 1897 795 1938 cum
812 1818 915 1958 pedite
929 1876 1026 1938 solum
1041 1878 1120 1940 foret

199 1962 391 2031 pugnatum3
412 1955 465 2016 sed
486 1964 516 2016 et
539 1956 687 2030 Baliares,
708 1957 797 2037 pulso
816 1957 927 2037 equite,
938 1956 1118 2038 jaculaban·
1132 1954 1173 2016 20

200 2039 253 2092 tur
273 2034 307 2093 in
326 2033 432 2110 latera,
447 2044 478 2097 et
500 2035 657 2116 elephanti
685 2037 746 2098 'am
769 2037 802 2098 iu
827 2037 959 2099 mediam
980 2038 1118 2118 peditum

199 2112 299 2174 aciem
325 2135 388 2176 sese
415 2115 560 2190 tulerant,
587 2125 619 2180 et
686 2138 744 2198 ago
775 2118 997 2199 Numidaeque,
1025 2118 1117 2180 simul

199 2190 334 2256 latebras
348 2215 452 2257 eorum
466 2197 635 2277 inprovida
653 2198 839 2278 praeterlata
856 2199 936 2261 acies
950 2208 1003 2274 est,
1018 2199 1118 2260 exorti

199 2271 240 2332 ab
267 2282 353 2355 tergo
380 2277 536 2356 ingentem
571 2279 742 2340 tumultum
772 2301 809 2342 ao
837 2288 982 2342 terrorem
1011 2279 1116 2341 fecere.

199 2350 316 2414 Tamen
330 2356 363 2416 in
378 2365 423 2418 tot
439 2358 711 2420 circumstantibus
736 2360 825 2422 malis
844 2361 956 2422 mansit
970 2359 1118 2439 aliquam·
1131 2356 1171 2418 25
1265 2367 1267 2372 '

199 2431 255 2493 diu
275 2435 393 2498 inmota
413 2438 503 2511 acies,
522 2440 658 2500 maxime
677 2450 797 2520 praeter
811 2461 895 2521 spem
910 2441 1047 2503 omnium
1065 2439 1118 2500 ad·

199 2533 305 2576 versus
332 2517 519 2598 elephantos.
568 2519 631 2580 Eos
660 2521 769 2583 velites
789 2521 829 2582 ad
851 2520 883 2581 id
904 2521 1004 2601 ipsum
1024 2519 1117 2582 locati

199 2596 315 2657 verutis
337 2599 482 2679 conjectis
506 2607 538 2662 et
564 2608 703 2662 avertere
725 2611 757 2663 et
777 2602 906 2663 insecuti
922 2621 1042 2664 aversos
1060 2601 1117 2662 sub

200 2674 316 2749 caudis,
337 2698 399 2760 qua
425 2698 570 2742 maxume
599 2681 686 2742 molli
712 2690 781 2743 cute
802 2682 932 2744 vulnera
951 2681 1116 2762 accipiunt,

200 2752 367 2819 fodiebant.
1130 2757 1170 2821 30

239 2835 327 2897 LVI.
368 2835 617 2918 Trepidantisque
645 2845 671 2899 et
696 2859 790 2918 prope
812 2839 879 2919 jam
899 2839 932 2898 in
951 2859 1019 2901 suos
1040 2862 1108 2903 con·

198 2924 347 2978 sternatos
371 2928 387 2977 e'
412 2917 513 2978 media
539 2919 603 2978 acie
630 2918 663 2978 in
690 2927 858 2980 extremam
885 2920 925 2980 ad
952 2920 1107 2982 sinistrum

198 3009 295 3053 cornu
315 2995 461 3059 adversus
487 2997 595 3060 Gallos
623 2999 789 3060 auxiliares
809 2999 860 3079 agi
877 2999 968 3080 jussit
992 2999 1112 3060 Hanni-

199 3067 261 3132 bal.
302 3074 353 3136 Ibi
370 3078 525 3158 extemplo
542 3079 619 3139 haut
634 3078 760 3139 dubiam
771 3079 868 3140 fecere
878 3079 993 3159 fugam,
1002 3099 1111 3141 novus·

198 3169 258 3228 que
271 3163 370 3217 terror
386 3157 510 3219 additus
527 3159 675 3219 Romanis
690 3168 724 3219 ut
738 3159 807 3219 fusa
820 3159 941 3219 auxilia
959 3178 1014 3220 sua
1028 3158 1110 3221 vide-
1125 3157 1165 3218 35

199 3244 280 3296 runt.
325 3236 435 3317 Itaque
458 3258 527 3299 curn
544 3238 610 3319 jam
631 3239 663 3300 in
685 3238 788 3299 orbem
810 3258 850 3317 pu
894 3247 991 3311 arent,
1006 3240 1110 3298 decern

199 3315 287 3376 milia
309 3317 404 3378 ferme
426 3317 595 3392 hominum,
609 3338 679 3378 cum
695 3316 771 3376 alibi
785 3337 842 3378 eva
865 3337 914 3377 ere
927 3316 1109 3394 nequissent,

200 3396 302 3456 media
329 3397 478 3458 Afrorum
504 3398 578 3469 acie,
598 3417 665 3475 qua
689 3395 828 3458 Gallicis¹
842 3394 967 3454 auxiliis
988 3393 1110 3450 firmata

200 3485 276 3550 erat,
301 3496 371 3536 cum
393 3477 511 3555 ingenti
532 3477 624 3536 caede
645 3474 779 3535 hostium
800 3489 972 3550 perrupere,
986 3477 1025 3540 et,
1040 3486 1110 3526 eum
