<?xml version="1.0" encoding="UTF-8"?>
<!DOCTYPE html PUBLIC "-//W3C//DTD XHTML 1.0 Transitional//EN"
    "http://www.w3.org/TR/xhtml1/DTD/xhtml1-transitional.dtd">
<html xmlns="http://www.w3.org/1999/xhtml" xml:lang="en" lang="en">
 <head>
  <title>
</title>
<meta http-equiv="Content-Type" content="text/html;charset=utf-8" />
  <meta name='ocr-system' content='tesseract 3.04.00' />
  <meta name='ocr-capabilities' content='ocr_page ocr_carea ocr_par ocr_line ocrx_word'/>
</head>
<body>
  <div class='ocr_page' id='page_1' title='image "./historieslivybo00chasgoog_0211.png"; bbox 0 0 2628 3796; ppageno 0'>
   <div class='ocr_carea' id='block_1_1' title="bbox 140 199 967 268">
    <p class='ocr_par' dir='ltr' id='par_1_1' title="bbox 140 199 967 268">
     <span class='ocr_line' id='line_1_1' title="bbox 140 199 967 268; baseline 0 -2"><span class='ocrx_word' id='word_1_1' title='bbox 140 199 206 266; x_wconf 77' lang='lat'>204</span> <span class='ocrx_word' id='word_1_2' title='bbox 307 216 522 268; x_wconf 79' lang='lat' dir='ltr'>r1r1n1v1</span> <span class='ocrx_word' id='word_1_3' title='bbox 548 215 605 265; x_wconf 75' lang='lat' dir='ltr'>Aa</span> <span class='ocrx_word' id='word_1_4' title='bbox 631 215 747 268; x_wconf 76' lang='lat' dir='ltr'>vers</span> <span class='ocrx_word' id='word_1_5' title='bbox 777 217 967 266; x_wconf 72' lang='lat' dir='ltr'>connire</span> 
     </span>
    </p>
   </div>
   <div class='ocr_carea' id='block_1_2' title="bbox 158 372 1096 948">
    <p class='ocr_par' dir='ltr' id='par_1_2' title="bbox 158 372 1096 948">
     <span class='ocr_line' id='line_1_2' title="bbox 192 372 1096 458; baseline -0.001 -20"><span class='ocrx_word' id='word_1_6' title='bbox 192 374 349 438; x_wconf 77' lang='lat' dir='ltr'>obsidione</span> <span class='ocrx_word' id='word_1_7' title='bbox 369 374 592 438; x_wconf 84' lang='lat' dir='ltr'>circumventas</span> <span class='ocrx_word' id='word_1_8' title='bbox 611 372 773 454; x_wconf 87' lang='lat' dir='ltr'>legiones,’&#39;</span> <span class='ocrx_word' id='word_1_9' title='bbox 787 374 813 436; x_wconf 94' lang='lat' dir='ltr'>si</span> <span class='ocrx_word' id='word_1_10' title='bbox 832 374 890 436; x_wconf 87' lang='lat' dir='ltr'>hoe</span> <span class='ocrx_word' id='word_1_11' title='bbox 906 374 941 436; x_wconf 93' lang='lat' dir='ltr'>P.</span> <span class='ocrx_word' id='word_1_12' title='bbox 956 375 1096 458; x_wconf 84' lang='lat' dir='ltr'>Sempro·</span> 
     </span>
     <span class='ocr_line' id='line_1_3' title="bbox 192 455 1095 534; baseline 0.003 -17"><span class='ocrx_word' id='word_1_13' title='bbox 192 457 261 518; x_wconf 91' lang='lat' dir='ltr'>nius</span> <span class='ocrx_word' id='word_1_14' title='bbox 282 456 406 531; x_wconf 90' lang='lat' dir='ltr'>diceret,</span> <span class='ocrx_word' id='word_1_15' title='bbox 426 475 482 516; x_wconf 90' lang='lat' dir='ltr'>nec</span> <span class='ocrx_word' id='word_1_16' title='bbox 503 455 585 518; x_wconf 88' lang='lat' dir='ltr'>viros</span> <span class='ocrx_word' id='word_1_17' title='bbox 605 456 767 534; x_wconf 87' lang='lat' dir='ltr'>quisquam</span> <span class='ocrx_word' id='word_1_18' title='bbox 787 475 844 516; x_wconf 90' lang='lat' dir='ltr'>neo</span> <span class='ocrx_word' id='word_1_19' title='bbox 865 456 1019 518; x_wconf 87' lang='lat' dir='ltr'>Romanos</span> <span class='ocrx_word' id='word_1_20' title='bbox 1040 478 1095 520; x_wconf 91' lang='lat' dir='ltr'>vos</span> 
     </span>
     <span class='ocr_line' id='line_1_4' title="bbox 192 535 1094 609; baseline 0.004 -13"><span class='ocrx_word' id='word_1_21' title='bbox 192 536 325 609; x_wconf 89' lang='lat' dir='ltr'>duceret,</span> <span class='ocrx_word' id='word_1_22' title='bbox 352 535 379 597; x_wconf 92' lang='lat' dir='ltr'>si</span> <span class='ocrx_word' id='word_1_23' title='bbox 406 555 495 596; x_wconf 94' lang='lat' dir='ltr'>nemo</span> <span class='ocrx_word' id='word_1_24' title='bbox 521 542 627 596; x_wconf 82' lang='lat' dir='ltr'>tentae</span> <span class='ocrx_word' id='word_1_25' title='bbox 653 535 779 597; x_wconf 87' lang='lat' dir='ltr'>virtutis</span> <span class='ocrx_word' id='word_1_26' title='bbox 806 535 955 598; x_wconf 84' lang='lat' dir='ltr'>extitisset</span> <span class='ocrx_word' id='word_1_27' title='bbox 986 557 1094 600; x_wconf 89' lang='lat' dir='ltr'>comes.</span> 
     </span>
     <span class='ocr_line' id='line_1_5' title="bbox 192 613 1096 696; baseline -0.001 -18"><span class='ocrx_word' id='word_1_28' title='bbox 192 615 288 678; x_wconf 89' lang='lat' dir='ltr'>Viam</span> <span class='ocrx_word' id='word_1_29' title='bbox 300 636 362 678; x_wconf 90' lang='lat' dir='ltr'>non</span> <span class='ocrx_word' id='word_1_30' title='bbox 376 615 417 676; x_wconf 91' lang='lat' dir='ltr'>ad</span> <span class='ocrx_word' id='word_1_31' title='bbox 430 615 564 696; x_wconf 81' lang='lat' dir='ltr'>gloriam</span> <span class='ocrx_word' id='word_1_32' title='bbox 574 613 672 694; x_wconf 88' lang='lat' dir='ltr'>magis</span> <span class='ocrx_word' id='word_1_33' title='bbox 685 634 779 694; x_wconf 82' lang='lat' dir='ltr'>quem</span> <span class='ocrx_word' id='word_1_34' title='bbox 797 614 837 676; x_wconf 81' lang='lat' dir='ltr'>ed</span> <span class='ocrx_word' id='word_1_35' title='bbox 855 615 986 677; x_wconf 87' lang='lat' dir='ltr'>salutem</span> <span class='ocrx_word' id='word_1_36' title='bbox 999 616 1096 678; x_wconf 82' lang='lat' dir='ltr'>feren-</span> 
     </span>
     <span class='ocr_line' id='line_1_6' title="bbox 158 694 1095 775; baseline 0 -17"><span class='ocrx_word' id='word_1_37' title='bbox 158 696 179 757; x_wconf 82' lang='grc' dir='ltr'><strong>δ</strong></span> <span class='ocrx_word' id='word_1_38' title='bbox 192 705 253 758; x_wconf 89' lang='lat' dir='ltr'>tem</span> <span class='ocrx_word' id='word_1_39' title='bbox 274 696 461 758; x_wconf 83' lang='lat' dir='ltr'>demonstrat</span> <span class='ocrx_word' id='word_1_40' title='bbox 469 717 478 768; x_wconf 88' lang='lat'>;</span> <span class='ocrx_word' id='word_1_41' title='bbox 497 694 623 756; x_wconf 82' lang='lat' dir='ltr'>reduces</span> <span class='ocrx_word' id='word_1_42' title='bbox 636 695 670 755; x_wconf 94' lang='lat' dir='ltr'>in</span> <span class='ocrx_word' id='word_1_43' title='bbox 684 695 826 774; x_wconf 85' lang='lat' dir='ltr'>patriam,</span> <span class='ocrx_word' id='word_1_44' title='bbox 841 696 1039 775; x_wconf 85' lang='lat' dir='ltr'>adparentis,</span> <span class='ocrx_word' id='word_1_45' title='bbox 1054 697 1095 758; x_wconf 90' lang='lat' dir='ltr'>ad</span> 
     </span>
     <span class='ocr_line' id='line_1_7' title="bbox 190 773 1095 857; baseline 0.001 -19"><span class='ocrx_word' id='word_1_46' title='bbox 190 777 334 857; x_wconf 89' lang='lat' dir='ltr'>conjuges</span> <span class='ocrx_word' id='word_1_47' title='bbox 347 795 384 838; x_wconf 91' lang='lat' dir='ltr'>ao</span> <span class='ocrx_word' id='word_1_48' title='bbox 398 774 509 836; x_wconf 88' lang='lat' dir='ltr'>liberos</span> <span class='ocrx_word' id='word_1_49' title='bbox 528 774 613 837; x_wconf 85' lang='lat' dir='ltr'>facit</span> <span class='ocrx_word' id='word_1_50' title='bbox 656 773 704 838; x_wconf 91' lang='lat' dir='ltr'>Ut</span> <span class='ocrx_word' id='word_1_51' title='bbox 722 775 896 849; x_wconf 83' lang='lat' dir='ltr'>servemini,</span> <span class='ocrx_word' id='word_1_52' title='bbox 911 776 994 837; x_wconf 82' lang='lat' dir='ltr'>deest</span> <span class='ocrx_word' id='word_1_53' title='bbox 1007 777 1095 839; x_wconf 91' lang='lat' dir='ltr'>vobis</span> 
     </span>
     <span class='ocr_line' id='line_1_8' title="bbox 191 853 1095 948; baseline 0 -30"><span class='ocrx_word' id='word_1_54' title='bbox 191 857 328 919; x_wconf 86' lang='lat' dir='ltr'>enimus:</span> <span class='ocrx_word' id='word_1_55' title='bbox 349 855 434 936; x_wconf 90' lang='lat' dir='ltr'>quid,</span> <span class='ocrx_word' id='word_1_56' title='bbox 453 855 481 918; x_wconf 95' lang='lat' dir='ltr'>si</span> <span class='ocrx_word' id='word_1_57' title='bbox 500 853 693 948; x_wconf 81' lang='lat' dir='ltr'>moriendum</span> <span class='ocrx_word' id='word_1_58' title='bbox 713 875 770 948; x_wconf 91' lang='lat' dir='ltr'>pro</span> <span class='ocrx_word' id='word_1_59' title='bbox 789 856 891 935; x_wconf 87' lang='lat' dir='ltr'>patria</span> <span class='ocrx_word' id='word_1_60' title='bbox 912 865 997 930; x_wconf 89' lang='lat' dir='ltr'>esset,</span> <span class='ocrx_word' id='word_1_61' title='bbox 1017 856 1095 918; x_wconf 85' lang='lat' dir='ltr'>face-</span> 
     </span>
    </p>
   </div>
   <div class='ocr_carea' id='block_1_3' title="bbox 126 933 1095 3576">
    <p class='ocr_par' dir='ltr' id='par_1_3' title="bbox 126 933 1095 3576">
     <span class='ocr_line' id='line_1_9' title="bbox 190 933 1095 1016; baseline 0.001 -19"><span class='ocrx_word' id='word_1_62' title='bbox 190 937 284 998; x_wconf 80' lang='lat' dir='ltr'>retis?</span> <span class='ocrx_word' id='word_1_63' title='bbox 318 936 552 1016; x_wconf 75' lang='lat' dir='ltr'>Quinquaginta</span> <span class='ocrx_word' id='word_1_64' title='bbox 562 933 650 996; x_wconf 91' lang='lat' dir='ltr'>milia</span> <span class='ocrx_word' id='word_1_65' title='bbox 663 955 778 998; x_wconf 86' lang='lat' dir='ltr'>crvrum</span> <span class='ocrx_word' id='word_1_66' title='bbox 792 935 1002 1016; x_wconf 89' lang='lat' dir='ltr'>sociorumque</span> <span class='ocrx_word' id='word_1_67' title='bbox 1012 937 1095 998; x_wconf 89' lang='lat' dir='ltr'>circa</span> 
     </span>
     <span class='ocr_line' id='line_1_10' title="bbox 190 1013 1095 1096; baseline 0 -16"><span class='ocrx_word' id='word_1_68' title='bbox 190 1037 244 1080; x_wconf 93' lang='lat' dir='ltr'>vos</span> <span class='ocrx_word' id='word_1_69' title='bbox 257 1037 292 1078; x_wconf 91' lang='lat' dir='ltr'>eo</span> <span class='ocrx_word' id='word_1_70' title='bbox 305 1017 372 1096; x_wconf 86' lang='lat' dir='ltr'>ipso</span> <span class='ocrx_word' id='word_1_71' title='bbox 385 1015 436 1078; x_wconf 90' lang='lat' dir='ltr'>die</span> <span class='ocrx_word' id='word_1_72' title='bbox 449 1036 536 1078; x_wconf 86' lang='lat' dir='ltr'>caesa</span> <span class='ocrx_word' id='word_1_73' title='bbox 552 1016 666 1096; x_wconf 86' lang='lat' dir='ltr'>jacent.</span> <span class='ocrx_word' id='word_1_74' title='bbox 707 1013 741 1077; x_wconf 83' lang='lat' dir='ltr'>Si</span> <span class='ocrx_word' id='word_1_75' title='bbox 755 1023 803 1078; x_wconf 88' lang='lat' dir='ltr'>tot</span> <span class='ocrx_word' id='word_1_76' title='bbox 815 1015 957 1096; x_wconf 78' lang='lat' dir='ltr'>exempla</span> <span class='ocrx_word' id='word_1_77' title='bbox 970 1016 1095 1080; x_wconf 87' lang='lat' dir='ltr'>virtutis</span> 
     </span>
     <span class='ocr_line' id='line_1_11' title="bbox 137 1095 1094 1176; baseline 0.001 -18"><span class='ocrx_word' id='word_1_78' title='bbox 137 1095 177 1158; x_wconf 92' lang='lat'>10</span> <span class='ocrx_word' id='word_1_79' title='bbox 189 1118 252 1158; x_wconf 92' lang='lat' dir='ltr'>non</span> <span class='ocrx_word' id='word_1_80' title='bbox 265 1104 398 1172; x_wconf 87' lang='lat' dir='ltr'>movent,</span> <span class='ocrx_word' id='word_1_81' title='bbox 410 1095 491 1158; x_wconf 92' lang='lat' dir='ltr'>nihil</span> <span class='ocrx_word' id='word_1_82' title='bbox 504 1117 651 1176; x_wconf 79' lang='lat' dir='ltr'>umquem</span> <span class='ocrx_word' id='word_1_83' title='bbox 665 1095 818 1169; x_wconf 89' lang='lat' dir='ltr'>movebit;</span> <span class='ocrx_word' id='word_1_84' title='bbox 837 1095 863 1157; x_wconf 89' lang='lat' dir='ltr'>si</span> <span class='ocrx_word' id='word_1_85' title='bbox 883 1103 971 1157; x_wconf 80' lang='lat' dir='ltr'>tenta</span> <span class='ocrx_word' id='word_1_86' title='bbox 992 1096 1094 1159; x_wconf 82' lang='lat' dir='ltr'>clades</span> 
     </span>
     <span class='ocr_line' id='line_1_12' title="bbox 189 1173 1094 1257; baseline -0.003 -16"><span class='ocrx_word' id='word_1_87' title='bbox 189 1177 283 1241; x_wconf 88' lang='lat' dir='ltr'>vilem</span> <span class='ocrx_word' id='word_1_88' title='bbox 303 1177 401 1241; x_wconf 90' lang='lat' dir='ltr'>vitam</span> <span class='ocrx_word' id='word_1_89' title='bbox 424 1197 487 1238; x_wconf 89' lang='lat' dir='ltr'>non</span> <span class='ocrx_word' id='word_1_90' title='bbox 510 1176 593 1250; x_wconf 83' lang='lat' dir='ltr'>fecit,</span> <span class='ocrx_word' id='word_1_91' title='bbox 616 1175 705 1238; x_wconf 90' lang='lat' dir='ltr'>nulla</span> <span class='ocrx_word' id='word_1_92' title='bbox 728 1176 830 1238; x_wconf 77' lang='lat' dir='ltr'>faciet,</span> <span class='ocrx_word' id='word_1_93' title='bbox 870 1173 978 1237; x_wconf 86' lang='lat' dir='ltr'>Liberi</span> <span class='ocrx_word' id='word_1_94' title='bbox 1001 1185 1094 1257; x_wconf 87' lang='lat' dir='ltr'>atque</span> 
     </span>
     <span class='ocr_line' id='line_1_13' title="bbox 188 1255 1093 1339; baseline 0 -21"><span class='ocrx_word' id='word_1_95' title='bbox 188 1257 354 1320; x_wconf 83' lang='lat' dir='ltr'>incolumes</span> <span class='ocrx_word' id='word_1_96' title='bbox 364 1256 536 1337; x_wconf 69' lang='lat' dir='ltr'>vdesiderate</span> <span class='ocrx_word' id='word_1_97' title='bbox 549 1256 700 1339; x_wconf 74' lang='lat' dir='ltr'>patriam!</span> <span class='ocrx_word' id='word_1_98' title='bbox 720 1256 815 1318; x_wconf 90' lang='lat' dir='ltr'>immo</span> <span class='ocrx_word' id='word_1_99' title='bbox 829 1255 1006 1331; x_wconf 85' lang='lat' dir='ltr'>desiderate,</span> <span class='ocrx_word' id='word_1_100' title='bbox 1017 1257 1093 1318; x_wconf 91' lang='lat' dir='ltr'>dum</span> 
     </span>
     <span class='ocr_line' id='line_1_14' title="bbox 188 1336 1093 1418; baseline 0.001 -20"><span class='ocrx_word' id='word_1_101' title='bbox 188 1338 289 1418; x_wconf 85' lang='lat' dir='ltr'>patrie</span> <span class='ocrx_word' id='word_1_102' title='bbox 302 1346 356 1411; x_wconf 90' lang='lat' dir='ltr'>est,</span> <span class='ocrx_word' id='word_1_103' title='bbox 367 1336 441 1397; x_wconf 92' lang='lat' dir='ltr'>dum</span> <span class='ocrx_word' id='word_1_104' title='bbox 455 1337 535 1400; x_wconf 90' lang='lat' dir='ltr'>cives</span> <span class='ocrx_word' id='word_1_105' title='bbox 549 1337 613 1417; x_wconf 89' lang='lat' dir='ltr'>ejus</span> <span class='ocrx_word' id='word_1_106' title='bbox 627 1338 715 1398; x_wconf 89' lang='lat' dir='ltr'>estisl</span> <span class='ocrx_word' id='word_1_107' title='bbox 727 1357 794 1398; x_wconf 89' lang='lat' dir='ltr'>sero</span> <span class='ocrx_word' id='word_1_108' title='bbox 808 1356 892 1397; x_wconf 90' lang='lat' dir='ltr'>nunc</span> <span class='ocrx_word' id='word_1_109' title='bbox 906 1336 1093 1413; x_wconf 86' lang='lat' dir='ltr'>desideratis,</span> 
     </span>
     <span class='ocr_line' id='line_1_15' title="bbox 187 1416 1093 1498; baseline 0.002 -20"><span class='ocrx_word' id='word_1_110' title='bbox 187 1417 339 1480; x_wconf 83' lang='lat' dir='ltr'>deminuti</span> <span class='ocrx_word' id='word_1_111' title='bbox 348 1417 458 1498; x_wconf 85' lang='lat' dir='ltr'>capite,</span> <span class='ocrx_word' id='word_1_112' title='bbox 466 1416 641 1480; x_wconf 87' lang='lat' dir='ltr'>abalienato</span> <span class='ocrx_word' id='word_1_113' title='bbox 649 1417 724 1497; x_wconf 89' lang='lat' dir='ltr'>jure</span> <span class='ocrx_word' id='word_1_114' title='bbox 735 1417 859 1492; x_wconf 89' lang='lat' dir='ltr'>civium,</span> <span class='ocrx_word' id='word_1_115' title='bbox 869 1417 951 1480; x_wconf 89' lang='lat' dir='ltr'>servi</span> <span class='ocrx_word' id='word_1_116' title='bbox 965 1416 1093 1480; x_wconf 84' lang='lat' dir='ltr'>Cartha·</span> 
     </span>
     <span class='ocr_line' id='line_1_16' title="bbox 134 1496 1093 1578; baseline 0.002 -20"><span class='ocrx_word' id='word_1_117' title='bbox 134 1496 174 1560; x_wconf 84' lang='lat'>15</span> <span class='ocrx_word' id='word_1_118' title='bbox 187 1498 370 1578; x_wconf 88' lang='lat' dir='ltr'>giniensium</span> <span class='ocrx_word' id='word_1_119' title='bbox 396 1497 481 1559; x_wconf 87' lang='lat' dir='ltr'>facti.</span> <span class='ocrx_word' id='word_1_120' title='bbox 536 1498 640 1559; x_wconf 90' lang='lat' dir='ltr'>Pretio</span> <span class='ocrx_word' id='word_1_121' title='bbox 673 1497 803 1558; x_wconf 89' lang='lat' dir='ltr'>redituri</span> <span class='ocrx_word' id='word_1_122' title='bbox 831 1496 904 1558; x_wconf 86' lang='lat' dir='ltr'>estis</span> <span class='ocrx_word' id='word_1_123' title='bbox 937 1517 982 1571; x_wconf 90' lang='lat' dir='ltr'>eo,</span> <span class='ocrx_word' id='word_1_124' title='bbox 1009 1497 1093 1562; x_wconf 88' lang='lat' dir='ltr'>unde</span> 
     </span>
     <span class='ocr_line' id='line_1_17' title="bbox 187 1576 1092 1658; baseline 0.001 -20"><span class='ocrx_word' id='word_1_125' title='bbox 187 1578 312 1658; x_wconf 85' lang='lat' dir='ltr'>ignavie</span> <span class='ocrx_word' id='word_1_126' title='bbox 332 1597 369 1640; x_wconf 86' lang='lat' dir='ltr'>ac</span> <span class='ocrx_word' id='word_1_127' title='bbox 388 1577 526 1657; x_wconf 87' lang='lat' dir='ltr'>nequitia</span> <span class='ocrx_word' id='word_1_128' title='bbox 545 1577 673 1640; x_wconf 81' lang='lat' dir='ltr'>abistis?</span> <span class='ocrx_word' id='word_1_129' title='bbox 713 1578 748 1640; x_wconf 87' lang='lat' dir='ltr'>P.</span> <span class='ocrx_word' id='word_1_130' title='bbox 763 1576 978 1657; x_wconf 81' lang='lat' dir='ltr'>Sempronium</span> <span class='ocrx_word' id='word_1_131' title='bbox 992 1577 1092 1640; x_wconf 91' lang='lat' dir='ltr'>civem</span> 
     </span>
     <span class='ocr_line' id='line_1_18' title="bbox 187 1657 1092 1738; baseline 0 -18"><span class='ocrx_word' id='word_1_132' title='bbox 187 1667 321 1721; x_wconf 91' lang='lat' dir='ltr'>vestrum</span> <span class='ocrx_word' id='word_1_133' title='bbox 337 1679 398 1719; x_wconf 91' lang='lat' dir='ltr'>non</span> <span class='ocrx_word' id='word_1_134' title='bbox 411 1657 541 1720; x_wconf 89' lang='lat' dir='ltr'>audistis</span> <span class='ocrx_word' id='word_1_135' title='bbox 558 1678 646 1719; x_wconf 82' lang='lat' dir='ltr'>erma</span> <span class='ocrx_word' id='word_1_136' title='bbox 659 1678 766 1738; x_wconf 86' lang='lat' dir='ltr'>capere</span> <span class='ocrx_word' id='word_1_137' title='bbox 786 1677 823 1718; x_wconf 88' lang='lat' dir='ltr'>ac</span> <span class='ocrx_word' id='word_1_138' title='bbox 843 1657 929 1736; x_wconf 89' lang='lat' dir='ltr'>sequi</span> <span class='ocrx_word' id='word_1_139' title='bbox 941 1677 973 1718; x_wconf 93' lang='lat' dir='ltr'>se</span> <span class='ocrx_word' id='word_1_140' title='bbox 983 1657 1092 1738; x_wconf 89' lang='lat' dir='ltr'>juben·</span> 
     </span>
     <span class='ocr_line' id='line_1_19' title="bbox 186 1737 1092 1818; baseline 0 -18"><span class='ocrx_word' id='word_1_141' title='bbox 186 1747 265 1811; x_wconf 88' lang='lat' dir='ltr'>tem;</span> <span class='ocrx_word' id='word_1_142' title='bbox 287 1737 497 1799; x_wconf 87' lang='lat' dir='ltr'>Hannibalem</span> <span class='ocrx_word' id='word_1_143' title='bbox 511 1747 580 1818; x_wconf 89' lang='lat' dir='ltr'>post</span> <span class='ocrx_word' id='word_1_144' title='bbox 592 1737 686 1818; x_wconf 80' lang='lat' dir='ltr'>peulo</span> <span class='ocrx_word' id='word_1_145' title='bbox 700 1737 828 1798; x_wconf 85' lang='lat' dir='ltr'>audistis</span> <span class='ocrx_word' id='word_1_146' title='bbox 843 1745 944 1798; x_wconf 82' lang='lat' dir='ltr'>castra</span> <span class='ocrx_word' id='word_1_147' title='bbox 956 1737 1046 1817; x_wconf 91' lang='lat' dir='ltr'>prodi</span> <span class='ocrx_word' id='word_1_148' title='bbox 1059 1747 1092 1800; x_wconf 91' lang='lat' dir='ltr'>et</span> 
     </span>
     <span class='ocr_line' id='line_1_20' title="bbox 186 1817 1090 1900; baseline 0 -20"><span class='ocrx_word' id='word_1_149' title='bbox 186 1838 273 1880; x_wconf 83' lang='lat' dir='ltr'>arma</span> <span class='ocrx_word' id='word_1_150' title='bbox 293 1818 375 1880; x_wconf 78' lang='lat' dir='ltr'>tradi</span> <span class='ocrx_word' id='word_1_151' title='bbox 390 1817 559 1898; x_wconf 87' lang='lat' dir='ltr'>jubentem.</span> <span class='ocrx_word' id='word_1_152' title='bbox 617 1817 807 1900; x_wconf 71' lang='lat' dir='ltr'>Quamquam</span> <span class='ocrx_word' id='word_1_153' title='bbox 852 1837 908 1896; x_wconf 90' lang='lat' dir='ltr'>ego</span> <span class='ocrx_word' id='word_1_154' title='bbox 933 1817 1090 1896; x_wconf 87' lang='lat' dir='ltr'>ignaviam</span> 
     </span>
     <span class='ocr_line' id='line_1_21' title="bbox 132 1897 1091 1978; baseline -0.001 -17"><span class='ocrx_word' id='word_1_155' title='bbox 132 1897 173 1961; x_wconf 76' lang='lat'>20</span> <span class='ocrx_word' id='word_1_156' title='bbox 186 1899 313 1960; x_wconf 88' lang='lat' dir='ltr'>istorum</span> <span class='ocrx_word' id='word_1_157' title='bbox 336 1918 455 1971; x_wconf 88' lang='lat' dir='ltr'>accuso,</span> <span class='ocrx_word' id='word_1_158' title='bbox 477 1919 548 1959; x_wconf 91' lang='lat' dir='ltr'>cum</span> <span class='ocrx_word' id='word_1_159' title='bbox 570 1898 669 1959; x_wconf 88' lang='lat' dir='ltr'>scelus</span> <span class='ocrx_word' id='word_1_160' title='bbox 690 1897 802 1978; x_wconf 87' lang='lat' dir='ltr'>possim</span> <span class='ocrx_word' id='word_1_161' title='bbox 823 1916 977 1958; x_wconf 88' lang='lat' dir='ltr'>accusare.</span> <span class='ocrx_word' id='word_1_162' title='bbox 1017 1897 1091 1960; x_wconf 86' lang='lat' dir='ltr'>Non</span> 
     </span>
     <span class='ocr_line' id='line_1_22' title="bbox 185 1977 1091 2058; baseline 0.001 -19"><span class='ocrx_word' id='word_1_163' title='bbox 185 1978 276 2040; x_wconf 91' lang='lat' dir='ltr'>modo</span> <span class='ocrx_word' id='word_1_164' title='bbox 303 1978 385 2040; x_wconf 91' lang='lat' dir='ltr'>enim</span> <span class='ocrx_word' id='word_1_165' title='bbox 411 1978 498 2058; x_wconf 90' lang='lat' dir='ltr'>sequi</span> <span class='ocrx_word' id='word_1_166' title='bbox 523 1987 705 2040; x_wconf 80' lang='lat' dir='ltr'>recusarunt</span> <span class='ocrx_word' id='word_1_167' title='bbox 732 1977 808 2040; x_wconf 89' lang='lat' dir='ltr'>bene</span> <span class='ocrx_word' id='word_1_168' title='bbox 831 1985 1015 2051; x_wconf 86' lang='lat' dir='ltr'>monentem,</span> <span class='ocrx_word' id='word_1_169' title='bbox 1037 1978 1091 2040; x_wconf 90' lang='lat' dir='ltr'>sed</span> 
     </span>
     <span class='ocr_line' id='line_1_23' title="bbox 185 2056 1090 2137; baseline 0 -17"><span class='ocrx_word' id='word_1_170' title='bbox 185 2059 330 2120; x_wconf 84' lang='lat' dir='ltr'>obsistere</span> <span class='ocrx_word' id='word_1_171' title='bbox 350 2079 388 2121; x_wconf 90' lang='lat' dir='ltr'>ac</span> <span class='ocrx_word' id='word_1_172' title='bbox 410 2059 542 2120; x_wconf 91' lang='lat' dir='ltr'>retinere</span> <span class='ocrx_word' id='word_1_173' title='bbox 565 2059 668 2120; x_wconf 86' lang='lat' dir='ltr'>conati</span> <span class='ocrx_word' id='word_1_174' title='bbox 690 2066 771 2132; x_wconf 91' lang='lat' dir='ltr'>sunt,</span> <span class='ocrx_word' id='word_1_175' title='bbox 792 2056 825 2118; x_wconf 91' lang='lat' dir='ltr'>ni</span> <span class='ocrx_word' id='word_1_176' title='bbox 844 2057 959 2119; x_wconf 90' lang='lat' dir='ltr'>strictis</span> <span class='ocrx_word' id='word_1_177' title='bbox 978 2057 1090 2137; x_wconf 87' lang='lat' dir='ltr'>gladiis</span> 
     </span>
     <span class='ocr_line' id='line_1_24' title="bbox 185 2136 1090 2217; baseline -0.001 -17"><span class='ocrx_word' id='word_1_178' title='bbox 185 2140 245 2201; x_wconf 89' lang='lat' dir='ltr'>viri</span> <span class='ocrx_word' id='word_1_179' title='bbox 265 2138 422 2200; x_wconf 86' lang='lat' dir='ltr'>fortissimi</span> <span class='ocrx_word' id='word_1_180' title='bbox 442 2139 548 2200; x_wconf 89' lang='lat' dir='ltr'>inertis</span> <span class='ocrx_word' id='word_1_181' title='bbox 567 2137 798 2201; x_wconf 84' lang='lat' dir='ltr'>submovissent.</span> <span class='ocrx_word' id='word_1_182' title='bbox 839 2136 939 2210; x_wconf 87' lang='lat' dir='ltr'>Prius,</span> <span class='ocrx_word' id='word_1_183' title='bbox 953 2137 1090 2217; x_wconf 89' lang='lat' dir='ltr'>inquam,</span> 
     </span>
     <span class='ocr_line' id='line_1_25' title="bbox 185 2217 1090 2298; baseline -0.001 -18"><span class='ocrx_word' id='word_1_184' title='bbox 185 2219 221 2280; x_wconf 91' lang='lat' dir='ltr'>P.</span> <span class='ocrx_word' id='word_1_185' title='bbox 242 2218 421 2298; x_wconf 83' lang='lat' dir='ltr'>Sempronio</span> <span class='ocrx_word' id='word_1_186' title='bbox 441 2239 497 2298; x_wconf 89' lang='lat' dir='ltr'>per</span> <span class='ocrx_word' id='word_1_187' title='bbox 516 2219 631 2280; x_wconf 88' lang='lat' dir='ltr'>civium</span> <span class='ocrx_word' id='word_1_188' title='bbox 652 2238 763 2298; x_wconf 83' lang='lat' dir='ltr'>agmen</span> <span class='ocrx_word' id='word_1_189' title='bbox 782 2237 873 2298; x_wconf 87' lang='lat' dir='ltr'>quam</span> <span class='ocrx_word' id='word_1_190' title='bbox 887 2237 942 2297; x_wconf 89' lang='lat' dir='ltr'>per</span> <span class='ocrx_word' id='word_1_191' title='bbox 955 2217 1090 2279; x_wconf 89' lang='lat' dir='ltr'>hostium</span> 
     </span>
     <span class='ocr_line' id='line_1_26' title="bbox 132 2297 1090 2379; baseline -0.001 -19"><span class='ocrx_word' id='word_1_192' title='bbox 132 2298 171 2360; x_wconf 81' lang='lat'>25</span> <span class='ocrx_word' id='word_1_193' title='bbox 185 2299 245 2361; x_wconf 84' lang='lat' dir='ltr'>fuit</span> <span class='ocrx_word' id='word_1_194' title='bbox 258 2299 488 2379; x_wconf 89' lang='lat' dir='ltr'>erumpendum.</span> <span class='ocrx_word' id='word_1_195' title='bbox 530 2298 599 2360; x_wconf 92' lang='lat' dir='ltr'>Hos</span> <span class='ocrx_word' id='word_1_196' title='bbox 612 2299 694 2360; x_wconf 87' lang='lat' dir='ltr'>cives</span> <span class='ocrx_word' id='word_1_197' title='bbox 708 2299 811 2379; x_wconf 87' lang='lat' dir='ltr'>patria</span> <span class='ocrx_word' id='word_1_198' title='bbox 826 2297 998 2358; x_wconf 83' lang='lat' dir='ltr'>desideret?</span> <span class='ocrx_word' id='word_1_199' title='bbox 1018 2318 1090 2377; x_wconf 89' lang='lat' dir='ltr'>quo·</span> 
     </span>
     <span class='ocr_line' id='line_1_27' title="bbox 183 2377 1089 2452; baseline 0 -13"><span class='ocrx_word' id='word_1_200' title='bbox 183 2399 252 2440; x_wconf 91' lang='lat' dir='ltr'>rum</span> <span class='ocrx_word' id='word_1_201' title='bbox 273 2380 299 2440; x_wconf 91' lang='lat' dir='ltr'>si</span> <span class='ocrx_word' id='word_1_202' title='bbox 320 2379 412 2441; x_wconf 82' lang='lat' dir='ltr'>ceteri</span> <span class='ocrx_word' id='word_1_203' title='bbox 432 2379 545 2441; x_wconf 91' lang='lat' dir='ltr'>similes</span> <span class='ocrx_word' id='word_1_204' title='bbox 565 2378 703 2452; x_wconf 83' lang='lat' dir='ltr'>fuissent,</span> <span class='ocrx_word' id='word_1_205' title='bbox 718 2379 870 2440; x_wconf 89' lang='lat' dir='ltr'>neminem</span> <span class='ocrx_word' id='word_1_206' title='bbox 886 2377 977 2438; x_wconf 89' lang='lat' dir='ltr'>hodie</span> <span class='ocrx_word' id='word_1_207' title='bbox 993 2397 1032 2438; x_wconf 87' lang='lat' dir='ltr'>ex</span> <span class='ocrx_word' id='word_1_208' title='bbox 1050 2377 1089 2440; x_wconf 90' lang='lat' dir='ltr'>iis</span> 
     </span>
     <span class='ocr_line' id='line_1_28' title="bbox 184 2456 1089 2540; baseline 0.001 -21"><span class='ocrx_word' id='word_1_209' title='bbox 184 2459 237 2538; x_wconf 93' lang='lat' dir='ltr'>qui</span> <span class='ocrx_word' id='word_1_210' title='bbox 265 2459 307 2520; x_wconf 86' lang='lat' dir='ltr'>ad</span> <span class='ocrx_word' id='word_1_211' title='bbox 333 2458 456 2522; x_wconf 79' lang='lat' dir='ltr'>Cannas</span> <span class='ocrx_word' id='word_1_212' title='bbox 482 2467 699 2540; x_wconf 86' lang='lat' dir='ltr'>pugnaverunt</span> <span class='ocrx_word' id='word_1_213' title='bbox 727 2459 826 2519; x_wconf 89' lang='lat' dir='ltr'>civem</span> <span class='ocrx_word' id='word_1_214' title='bbox 854 2456 989 2522; x_wconf 81' lang='lat' dir='ltr'>haberet.</span> <span class='ocrx_word' id='word_1_215' title='bbox 1035 2457 1089 2520; x_wconf 82' lang='lat' dir='ltr'>Ex</span> 
     </span>
     <span class='ocr_line' id='line_1_29' title="bbox 183 2537 1089 2621; baseline 0.001 -24"><span class='ocrx_word' id='word_1_216' title='bbox 183 2539 309 2601; x_wconf 91' lang='lat' dir='ltr'>milibus</span> <span class='ocrx_word' id='word_1_217' title='bbox 332 2549 447 2621; x_wconf 88' lang='lat' dir='ltr'>septem</span> <span class='ocrx_word' id='word_1_218' title='bbox 468 2549 656 2603; x_wconf 87' lang='lat' dir='ltr'>armatorum</span> <span class='ocrx_word' id='word_1_219' title='bbox 680 2537 808 2600; x_wconf 76' lang='lat' dir='ltr'>sescenti</span> <span class='ocrx_word' id='word_1_220' title='bbox 833 2537 1009 2611; x_wconf 89' lang='lat' dir='ltr'>extiterunt,</span> <span class='ocrx_word' id='word_1_221' title='bbox 1034 2537 1089 2617; x_wconf 90' lang='lat' dir='ltr'>qui</span> 
     </span>
     <span class='ocr_line' id='line_1_30' title="bbox 184 2616 1089 2702; baseline 0 -24"><span class='ocrx_word' id='word_1_222' title='bbox 184 2639 343 2699; x_wconf 88' lang='lat' dir='ltr'>erumpere</span> <span class='ocrx_word' id='word_1_223' title='bbox 376 2621 532 2696; x_wconf 79' lang='lat' dir='ltr'>auderent,</span> <span class='ocrx_word' id='word_1_224' title='bbox 560 2621 617 2702; x_wconf 90' lang='lat' dir='ltr'>qui</span> <span class='ocrx_word' id='word_1_225' title='bbox 644 2620 678 2682; x_wconf 93' lang='lat' dir='ltr'>in</span> <span class='ocrx_word' id='word_1_226' title='bbox 705 2617 838 2698; x_wconf 79' lang='lat' dir='ltr'>patriam</span> <span class='ocrx_word' id='word_1_227' title='bbox 873 2616 963 2678; x_wconf 90' lang='lat' dir='ltr'>liberi</span> <span class='ocrx_word' id='word_1_228' title='bbox 995 2627 1089 2696; x_wconf 86' lang='lat' dir='ltr'>atque</span> 
     </span>
     <span class='ocr_line' id='line_1_31' title="bbox 130 2696 1089 2775; baseline -0.003 -15"><span class='ocrx_word' id='word_1_229' title='bbox 130 2699 170 2760; x_wconf 83' lang='lat'>30</span> <span class='ocrx_word' id='word_1_230' title='bbox 183 2701 294 2761; x_wconf 87' lang='lat' dir='ltr'>armati</span> <span class='ocrx_word' id='word_1_231' title='bbox 307 2700 451 2775; x_wconf 89' lang='lat' dir='ltr'>redirent,</span> <span class='ocrx_word' id='word_1_232' title='bbox 465 2722 504 2762; x_wconf 89' lang='lat' dir='ltr'>ne</span> <span class='ocrx_word' id='word_1_233' title='bbox 526 2721 564 2762; x_wconf 91' lang='lat' dir='ltr'>ue</span> <span class='ocrx_word' id='word_1_234' title='bbox 583 2700 632 2761; x_wconf 92' lang='lat' dir='ltr'>his</span> <span class='ocrx_word' id='word_1_235' title='bbox 652 2697 794 2761; x_wconf 88' lang='lat' dir='ltr'>sescentis</span> <span class='ocrx_word' id='word_1_236' title='bbox 813 2697 912 2760; x_wconf 89' lang='lat' dir='ltr'>hostes</span> <span class='ocrx_word' id='word_1_237' title='bbox 925 2696 1067 2758; x_wconf 88' lang='lat' dir='ltr'>obstitere</span> <span class='ocrx_word' id='word_1_238' title='bbox 1079 2719 1089 2771; x_wconf 82' lang='lat'>3</span> 
     </span>
     <span class='ocr_line' id='line_1_32' title="bbox 183 2723 1089 2860; baseline -0.004 -19"><span class='ocrx_word' id='word_1_239' title='bbox 183 2800 276 2860; x_wconf 89' lang='lat' dir='ltr'>quam</span> <span class='ocrx_word' id='word_1_240' title='bbox 299 2789 401 2842; x_wconf 91' lang='lat' dir='ltr'>tutum</span> <span class='ocrx_word' id='word_1_241' title='bbox 426 2781 484 2843; x_wconf 90' lang='lat' dir='ltr'>iter</span> <span class='ocrx_word' id='word_1_242' title='bbox 505 2723 639 2843; x_wconf 76' lang='lat' dir='ltr'>luerem</span> <span class='ocrx_word' id='word_1_243' title='bbox 689 2800 761 2840; x_wconf 91' lang='lat' dir='ltr'>roe</span> <span class='ocrx_word' id='word_1_244' title='bbox 788 2778 944 2858; x_wconf 87' lang='lat' dir='ltr'>legionum</span> <span class='ocrx_word' id='word_1_245' title='bbox 972 2777 1089 2856; x_wconf 81' lang='lat' dir='ltr'>agmini</span> 
     </span>
     <span class='ocr_line' id='line_1_33' title="bbox 182 2801 1089 2937; baseline -0.002 -15"><span class='ocrx_word' id='word_1_246' title='bbox 182 2863 322 2923; x_wconf 85' lang='lat' dir='ltr'>futurum</span> <span class='ocrx_word' id='word_1_247' title='bbox 349 2863 476 2924; x_wconf 90' lang='lat' dir='ltr'>censetis</span> <span class='ocrx_word' id='word_1_248' title='bbox 502 2862 616 2923; x_wconf 79' lang='lat' dir='ltr'>fuisse?</span> <span class='ocrx_word' id='word_1_249' title='bbox 701 2801 831 2921; x_wconf 60' lang='lat' dir='ltr'>aierem</span> <span class='ocrx_word' id='word_1_250' title='bbox 858 2858 950 2918; x_wconf 90' lang='lat' dir='ltr'>hodie</span> <span class='ocrx_word' id='word_1_251' title='bbox 976 2857 1089 2937; x_wconf 88' lang='lat' dir='ltr'>viginti</span> 
     </span>
     <span class='ocr_line' id='line_1_34' title="bbox 180 2939 1090 3018; baseline -0.007 -14"><span class='ocrx_word' id='word_1_252' title='bbox 180 2942 271 3004; x_wconf 81' lang='lat' dir='ltr'>milis</span> <span class='ocrx_word' id='word_1_253' title='bbox 294 2951 482 3004; x_wconf 87' lang='lat' dir='ltr'>armatorum</span> <span class='ocrx_word' id='word_1_254' title='bbox 502 2941 615 3004; x_wconf 77' lang='lat' dir='ltr'>Canusi</span> <span class='ocrx_word' id='word_1_255' title='bbox 640 2940 742 3016; x_wconf 84' lang='lat' dir='ltr'>fortia,</span> <span class='ocrx_word' id='word_1_256' title='bbox 763 2939 876 3011; x_wconf 88' lang='lat' dir='ltr'>fidelia,</span> <span class='ocrx_word' id='word_1_257' title='bbox 897 2946 999 3018; x_wconf 88' lang='lat' dir='ltr'>patres</span> <span class='ocrx_word' id='word_1_258' title='bbox 1019 2957 1090 2998; x_wconf 90' lang='lat' dir='ltr'>con·</span> 
     </span>
     <span class='ocr_line' id='line_1_35' title="bbox 181 3016 1089 3102; baseline -0.006 -19"><span class='ocrx_word' id='word_1_259' title='bbox 181 3023 301 3102; x_wconf 77' lang='lat' dir='ltr'>scripti:</span> <span class='ocrx_word' id='word_1_260' title='bbox 338 3022 652 3101; x_wconf 88' lang='lat' dir='ltr'>Nuncautemquem</span> <span class='ocrx_word' id='word_1_261' title='bbox 666 3020 846 3082; x_wconf 88' lang='lat' dir='ltr'>admodum</span> <span class='ocrx_word' id='word_1_262' title='bbox 868 3018 901 3080; x_wconf 88' lang='lat' dir='ltr'>bi</span> <span class='ocrx_word' id='word_1_263' title='bbox 923 3016 995 3078; x_wconf 93' lang='lat' dir='ltr'>boni</span> <span class='ocrx_word' id='word_1_264' title='bbox 1016 3016 1089 3078; x_wconf 82' lang='lat' dir='ltr'>fide</span> 
     </span>
     <span class='ocr_line' id='line_1_36' title="bbox 129 3096 1090 3182; baseline -0.003 -20"><span class='ocrx_word' id='word_1_265' title='bbox 129 3099 286 3182; x_wconf 69' lang='lat' dir='ltr'>solesque</span> <span class='ocrx_word' id='word_1_266' title='bbox 306 3106 392 3181; x_wconf 83' lang='lat' dir='ltr'>(nam</span> <span class='ocrx_word' id='word_1_267' title='bbox 414 3107 433 3135; x_wconf 89' lang='lat'>“</span> <span class='ocrx_word' id='word_1_268' title='bbox 442 3103 534 3162; x_wconf 83' lang='lat' dir='ltr'>fortes</span> <span class='ocrx_word' id='word_1_269' title='bbox 543 3101 561 3128; x_wconf 75' lang='lat'>&#39;⁹</span> <span class='ocrx_word' id='word_1_270' title='bbox 577 3121 615 3162; x_wconf 90' lang='lat' dir='ltr'>ne</span> <span class='ocrx_word' id='word_1_271' title='bbox 628 3101 685 3180; x_wconf 92' lang='lat' dir='ltr'>ipsi</span> <span class='ocrx_word' id='word_1_272' title='bbox 700 3100 824 3180; x_wconf 92' lang='lat' dir='ltr'>quidem</span> <span class='ocrx_word' id='word_1_273' title='bbox 839 3097 991 3174; x_wconf 87' lang='lat' dir='ltr'>dixerint)</span> <span class='ocrx_word' id='word_1_274' title='bbox 1007 3096 1090 3159; x_wconf 87' lang='lat' dir='ltr'>cives</span> 
     </span>
     <span class='ocr_line' id='line_1_37' title="bbox 181 3177 1090 3261; baseline -0.004 -19"><span class='ocrx_word' id='word_1_275' title='bbox 181 3203 244 3242; x_wconf 89' lang='lat' dir='ltr'>esse</span> <span class='ocrx_word' id='word_1_276' title='bbox 263 3183 409 3261; x_wconf 81' lang='lat' dir='ltr'>possuntt</span> <span class='ocrx_word' id='word_1_277' title='bbox 449 3181 519 3241; x_wconf 89' lang='lat' dir='ltr'>Nisi</span> <span class='ocrx_word' id='word_1_278' title='bbox 539 3181 607 3260; x_wconf 90' lang='lat' dir='ltr'>quis</span> <span class='ocrx_word' id='word_1_279' title='bbox 628 3181 750 3254; x_wconf 88' lang='lat' dir='ltr'>credere</span> <span class='ocrx_word' id='word_1_280' title='bbox 771 3187 879 3258; x_wconf 91' lang='lat' dir='ltr'>potest,</span> <span class='ocrx_word' id='word_1_281' title='bbox 901 3185 957 3238; x_wconf 86' lang='lat' dir='ltr'>aut</span> <span class='ocrx_word' id='word_1_282' title='bbox 976 3177 1090 3239; x_wconf 84' lang='lat' dir='ltr'>favisse</span> 
     </span>
     <span class='ocr_line' id='line_1_38' title="bbox 180 3257 1090 3352; baseline -0.003 -31"><span class='ocrx_word' id='word_1_283' title='bbox 180 3260 418 3340; x_wconf 89' lang='lat' dir='ltr'>erumpentibus,</span> <span class='ocrx_word' id='word_1_284' title='bbox 439 3260 501 3352; x_wconf 84' lang='lat' dir='ltr'>qui,</span> <span class='ocrx_word' id='word_1_285' title='bbox 522 3281 562 3321; x_wconf 92' lang='lat' dir='ltr'>ne</span> <span class='ocrx_word' id='word_1_286' title='bbox 585 3268 788 3339; x_wconf 85' lang='lat' dir='ltr'>erumperent,</span> <span class='ocrx_word' id='word_1_287' title='bbox 812 3257 956 3319; x_wconf 89' lang='lat' dir='ltr'>obsistere</span> <span class='ocrx_word' id='word_1_288' title='bbox 985 3257 1090 3318; x_wconf 83' lang='lat' dir='ltr'>consti</span> 
     </span>
     <span class='ocr_line' id='line_1_39' title="bbox 179 3337 1089 3413; baseline -0.001 -14"><span class='ocrx_word' id='word_1_289' title='bbox 179 3349 260 3413; x_wconf 87' lang='lat' dir='ltr'>sunt,</span> <span class='ocrx_word' id='word_1_290' title='bbox 284 3348 339 3399; x_wconf 90' lang='lat' dir='ltr'>aut</span> <span class='ocrx_word' id='word_1_291' title='bbox 363 3358 425 3398; x_wconf 92' lang='lat' dir='ltr'>non</span> <span class='ocrx_word' id='word_1_292' title='bbox 449 3338 588 3400; x_wconf 81' lang='lat' dir='ltr'>revidere</span> <span class='ocrx_word' id='word_1_293' title='bbox 611 3359 660 3399; x_wconf 92' lang='lat' dir='ltr'>eos</span> <span class='ocrx_word' id='word_1_294' title='bbox 684 3358 755 3399; x_wconf 91' lang='lat' dir='ltr'>eum</span> <span class='ocrx_word' id='word_1_295' title='bbox 784 3337 991 3399; x_wconf 77' lang='lat' dir='ltr'>incolumitati</span> <span class='ocrx_word' id='word_1_296' title='bbox 1020 3347 1089 3398; x_wconf 91' lang='lat' dir='ltr'>tum</span> 
     </span>
     <span class='ocr_line' id='line_1_40' title="bbox 179 3416 1089 3497; baseline 0.004 -23"><span class='ocrx_word' id='word_1_297' title='bbox 179 3417 296 3493; x_wconf 88' lang='lat' dir='ltr'>gloriae</span> <span class='ocrx_word' id='word_1_298' title='bbox 309 3417 433 3477; x_wconf 89' lang='lat' dir='ltr'>illorum</span> <span class='ocrx_word' id='word_1_299' title='bbox 446 3436 501 3494; x_wconf 91' lang='lat' dir='ltr'>per</span> <span class='ocrx_word' id='word_1_300' title='bbox 508 3418 654 3478; x_wconf 90' lang='lat' dir='ltr'>virtutem</span> <span class='ocrx_word' id='word_1_301' title='bbox 664 3427 781 3497; x_wconf 87' lang='lat' dir='ltr'>partae,</span> <span class='ocrx_word' id='word_1_302' title='bbox 791 3437 862 3478; x_wconf 87' lang='lat' dir='ltr'>curn</span> <span class='ocrx_word' id='word_1_303' title='bbox 875 3416 933 3478; x_wconf 92' lang='lat' dir='ltr'>sibi</span> <span class='ocrx_word' id='word_1_304' title='bbox 945 3416 1089 3478; x_wconf 89' lang='lat' dir='ltr'>timorem</span> 
     </span>
     <span class='ocr_line' id='line_1_41' title="bbox 126 3494 1090 3576; baseline 0.005 -21"><span class='ocrx_word' id='word_1_305' title='bbox 126 3495 166 3558; x_wconf 78' lang='lat'>40</span> <span class='ocrx_word' id='word_1_306' title='bbox 180 3494 395 3575; x_wconf 84' lang='lat' dir='ltr'>ignaviamque</span> <span class='ocrx_word' id='word_1_307' title='bbox 421 3496 577 3564; x_wconf 86' lang='lat' dir='ltr'>servitutis</span> <span class='ocrx_word' id='word_1_308' title='bbox 610 3496 831 3576; x_wconf 88' lang='lat' dir='ltr'>ignominiosae</span> <span class='ocrx_word' id='word_1_309' title='bbox 865 3516 989 3558; x_wconf 88' lang='lat' dir='ltr'>causam</span> <span class='ocrx_word' id='word_1_310' title='bbox 1025 3517 1090 3560; x_wconf 86' lang='lat' dir='ltr'>esse</span> 
     </span>
    </p>
   </div>
   <div class='ocr_carea' id='block_1_4' title="bbox 0 0 1318 3796">
    <p class='ocr_par' dir='ltr' id='par_1_4' title="bbox 0 0 1318 3796">
     <span class='ocr_line' id='line_1_42' title="bbox 0 0 1318 3796; baseline 0 2"><span class='ocrx_word' id='word_1_311' title='bbox 0 0 1318 3796; x_wconf 95' lang='lat' dir='ltr'> </span> 
     </span>
    </p>
   </div>
  </div>
 </body>
</html>
