2616 3790
140 202 182 266 88
310 214 401 262 τιτι
428 213 526 263 nrvr
551 211 607 260 aa
632 205 963 260 vuasconum

192 391 250 453 que
270 370 353 431 mitti
372 370 486 449 legatos
507 369 539 429 in
561 367 744 448 Hispaniam
763 366 803 427 ad
821 385 869 426 res
881 361 1031 426 sociorum
1046 364 1091 424 in·

191 451 370 532 spiciendas,
384 449 494 528 quibus
513 448 540 510 si
553 449 708 511 videretur
727 447 822 526 digna
841 465 940 517 causa,
955 455 986 506 et
1003 444 1092 506 Han-

192 531 289 593 nibali
309 530 526 591 denuntiarent
546 537 581 589 ut
602 527 641 588 ab
662 527 849 606 Saguntinis,
869 525 957 586 sociis
984 525 1092 605 populi

194 611 335 684 Romani,
347 610 521 682 abstineret,
536 617 566 668 et
579 607 797 686 Carthaginem
818 607 852 665 in
865 605 1006 666 Africam
1020 604 1093 665 trai-

160 697 295 758 5cerent
315 711 352 753 ac
372 690 520 752 sociorum
543 687 650 767 populi
672 687 804 748 Romani
824 685 1028 764 querimonias
1044 685 1094 745 de·

193 771 433 846 ferrent-hac
453 768 606 849 legatione
626 765 747 828 decreta
767 767 898 826 necdum
918 765 1017 838 missa,
1031 785 1094 826 om·

193 853 281 913 nium
293 871 346 932 spe
358 850 487 914 celerius
500 849 671 928 Saguntum
686 845 858 926 oppugnari
878 844 1018 906 adlatum
1039 852 1093 904 est.

194 932 281 994 Tunc
295 932 392 994 relata
406 929 444 991 de
458 931 576 1010 integro
597 947 644 988 res
664 927 704 987 ad
725 937 881 997 senatum3
902 934 933 985 et
948 925 1012 998 alii,
1026 943 1095 1004 pro-

192 1013 311 1075 'vincias
331 1011 504 1072 consulibus
527 1009 709 1088 Hispaniam
730 1016 822 1086 atque
835 1005 974 1066 Africam
995 1003 1096 1066 decer-

142 1099 182 1160 10
195 1101 308 1166 nentes,
322 1099 404 1152 terra
425 1092 562 1169 marique
582 1109 647 1149 rem
667 1087 833 1166 gerendam
853 1085 1025 1158 censebant,
1039 1083 1096 1145 alii

195 1181 294 1234 totum
321 1172 354 1232 iu
382 1170 567 1249 Hispaniam
595 1167 866 1244 Hannibalemque
894 1164 1096 1226 intendebant

196 1252 328 1324 bellum;
349 1259 445 1322 erant,
460 1251 512 1328 qui
532 1271 594 1310 non
615 1259 727 1310 temere
748 1245 930 1308 movendam
950 1265 1014 1306 rem
1030 1253 1097 1306 tan·
1121 1312 1124 1316 ,

195 1341 269 1404 tam,
284 1331 546 1410 expectandosque
563 1351 602 1391 ex
619 1329 773 1410 Hispania
792 1327 917 1406 legatos,
932 1334 1096 1387 censerent.

197 1411 284 1472 Haec
317 1411 476 1484 sententia,
510 1431 589 1489 quae
622 1411 774 1472 tutissima
800 1407 974 1480 videbatur,
1000 1406 1095 1478 vicit;

145 1499 184 1560 15
197 1492 349 1571 legatique
369 1511 403 1551 eo
424 1491 573 1551 maturius
594 1491 685 1564 missi,
700 1491 735 1551 P.
750 1489 895 1552 Valerius
916 1487 1047 1548 Flaccus
1067 1495 1098 1547 et

198 1572 237 1648 Q.
259 1571 391 1632 Baebius
411 1570 600 1650 Tamphilus,
621 1570 792 1651 Saguntum
820 1571 860 1632 ad
888 1569 1097 1631 Hannibalem

197 1662 289 1730 atque
303 1652 373 1711 inde
388 1650 613 1730 Carthaginem,
627 1651 729 1714 sinon
742 1652 939 1714 absisteretur
952 1651 1042 1724 bello,
1057 1649 1099 1711 ad

198 1733 307 1793 ducem
321 1731 420 1810 ipsum
434 1731 466 1791 in
481 1751 609 1810 poenam
623 1732 751 1794 foederis
766 1733 850 1813 rupti
864 1733 1097 1813 deposcendum.

238 1811 314 1876 VII.
356 1811 439 1870 Dum
454 1831 490 1872 ea
505 1811 637 1872 Romani
651 1823 763 1892 parant
779 1814 1020 1892 consultantque,
1031 1813 1099 1892 jam

145 1899 185 1960 20
199 1891 368 1972 Saguntum
382 1892 569 1954 summario
613 1894 795 1972 ugnabatur.
828 1893 946 1956 Civitas
959 1912 995 1954 ca
1009 1891 1101 1969 longe

199 1971 427 2051 opulentissima
447 1971 530 2032 ultra
587 1914 704 2034 iberum
725 1975 795 2048 fuit,
809 1974 868 2035 sita
889 1993 994 2053 passus
1014 1971 1101 2032 mille

198 2053 293 2113 ferme
307 2071 326 2112 a
340 2051 426 2112 mari.
468 2051 600 2113 Oriundi
618 2074 637 2114 a
654 2055 811 2134 Zacyntho
829 2054 931 2115 insula
945 2053 1100 2125 dicuntur,

199 2132 349 2210 mixtique
360 2130 453 2192 etiam
463 2131 504 2191 ab
513 2133 618 2193 Ardea
629 2134 816 2196 Rutulorum
828 2134 953 2213 quidam
967 2132 1101 2212 generis;

200 2221 332 2273 ceterum
348 2211 380 2270 in
395 2219 494 2272 tantas
508 2212 593 2275 brevi
609 2225 768 2276 creverant
782 2235 853 2295 opes
870 2234 923 2274 seu
938 2213 1101 2274 maritimis

147 2298 187 2359 25
200 2312 251 2352 seu
266 2290 456 2352 terrestribus
469 2291 620 2355 fructibus
634 2315 686 2356 seu
697 2295 904 2355 multitudinis
915 2294 1103 2355 incremento

199 2393 251 2434 seu
266 2370 446 2449 disciplinae
464 2373 635 2447 sanctitate,
650 2395 712 2454 qua
732 2375 823 2435 fidem
843 2374 987 2435 socialem
1006 2392 1104 2452 usque

200 2453 241 2513 ad
255 2451 418 2530 perniciem
433 2471 519 2512 suam
533 2454 702 2516 coluerunt.

242 2531 402 2592 Hannibal
423 2531 532 2594 infesto
553 2536 688 2596 exercitu
713 2535 864 2614 ingressus
884 2534 962 2609 finis,
983 2553 1104 2615 pervas-

201 2613 273 2673 tatis
287 2611 397 2690 passim
412 2613 502 2691 agris,
518 2615 625 2675 urbem
638 2616 792 2695 tripertito
809 2615 996 2694 adgreditur.
1037 2614 1104 2675 An·

149 2697 188 2758 30
202 2692 291 2772 gulus
311 2692 389 2753 muri
408 2704 474 2753 erat
493 2694 526 2753 in
545 2695 714 2773 planiorem
728 2695 996 2774 patentioremque,
1011 2711 1105 2773 quam

202 2783 303 2833 cetera
329 2771 420 2846 circa,
441 2773 555 2834 vallem
575 2795 722 2854 vergens;
743 2775 888 2836 adversus
908 2795 977 2835 eum
998 2775 1105 2837 vineas

202 2872 291 2932 agere
315 2851 456 2926 instituit,
479 2874 534 2933 per
558 2874 633 2934 quas
657 2854 736 2915 aries
763 2855 921 2916 moenibus
948 2853 1106 2915 admoveri

202 2940 309 3013 posset
351 2931 411 2993 Sed
427 2944 462 2994 ut
475 2934 559 2995 locus
573 2935 679 3013 procul
694 2955 781 2996 muro
795 2935 869 2996 satis
883 2954 997 3014 aequus
1016 2953 1106 3012 agen·

203 3013 250 3074 dis
263 3012 360 3075 vineis
379 3013 448 3086 fuit,
463 3014 507 3074 ita
528 3014 759 3093 hautquaquam
779 3034 930 3094 prospere,
945 3021 1106 3093 postquam

151 3096 189 3155 35
204 3093 244 3152 ad
266 3093 406 3152 effectum
431 3094 530 3171 operis
550 3105 677 3154 ventum
699 3105 754 3167 est,
775 3094 889 3174 coeptis
914 3093 1106 3154 succedebat.

204 3173 247 3232 Et
266 3173 358 3232 turris
381 3172 485 3250 ingens
506 3172 684 3246 inminebat,
699 3185 730 3233 et
744 3194 858 3246 murus,
873 3175 952 3234 utin
967 3182 1116 3252 suspecto·

204 3251 280 3324 locs,
295 3271 387 3329 supra
402 3260 518 3311 ceterae
533 3252 655 3311 modum
670 3252 843 3313 altitudinis
858 3253 1011 3313 emunitus
1031 3261 1107 3325 erat,

205 3340 236 3391 et
246 3333 391 3410 juventus
406 3329 533 3402 delecta,
548 3330 601 3389 ubi
616 3331 782 3408 plurimum
797 3332 926 3410 periculi
939 3353 976 3393 ac
990 3333 1109 3392 timoris

206 3410 431 3482 ostendebatur,
453 3409 496 3469 ibi
518 3409 549 3470 vi
570 3411 683 3488 majore
703 3411 898 3472 obsistebant.
939 3411 989 3472 Ac
1009 3412 1108 3491 primo
