2616 3790
460 274 595 322 arena
620 276 712 343 x11,
741 261 870 325 19-20.
1125 262 1166 325 99

213 431 281 494 tatii
295 431 398 512 priore
412 431 540 505 foedere,
555 431 637 525 quod
649 441 802 493 mutatum
816 442 870 507 est,
884 435 1114 513 conparandum

214 515 298 574 erat?
318 533 390 572 cum
411 512 445 572 in
465 512 574 573 Lutati
594 512 715 573 foedere
734 513 845 574 diserte
865 515 1007 575 additum
1027 523 1112 590 esset,

213 593 257 652 ita
270 593 303 652 id
316 601 420 652 ratum
434 591 507 665 fore,
522 592 548 652 ai
564 592 693 672 populus
706 593 850 667 scivisset,
861 593 892 652 in
908 594 1113 656 Hasdrubalis

213 673 333 732 foedere
357 692 413 732 nec
438 681 600 752 exceptum
624 672 687 734 tale
708 671 871 752 quiequam
895 675 996 748 fuerit,
1017 683 1047 734 et
1068 684 1113 736 tot

214 772 364 813 annorum
377 751 499 813 silentio
513 753 558 813 ita
571 753 644 814 vivo
658 772 693 812 eo
708 753 927 832 conprobatum
944 755 984 814 sit
997 754 1112 829 foedus,
1147 755 1167 815 5

215 841 249 893 ut
269 851 308 892 ne
327 839 448 893 mortuo
468 831 593 910 quidem
613 841 738 892 auctore
753 832 917 912 quiequam
934 843 1112 897 mutaretur.

215 912 421 990 Quamquam,
430 919 461 972 et
474 913 500 972 si
513 913 615 992 priore
624 911 744 974 foedere
754 921 894 986 staretur,
902 913 975 974 satis
989 923 1114 975 cautum

214 1000 281 1052 erat
306 991 493 1070 Saguntinis,
521 993 611 1053 sociis
638 1001 836 1073 utrorumque
862 993 1014 1100 exceptis3
1041 985 1149 1054 nam‘

214 1092 312 1152 neque
330 1071 471 1133 additum
494 1081 561 1132 erat
585 1072 639 1132 ‘iis
663 1073 716 1152 qui
739 1081 814 1134 tunc
836 1081 942 1147 essent,
976 1093 1031 1134 nec
1056 1080 1114 1134 ‘ne

215 1153 268 1230 qui
288 1161 394 1232 postea
413 1152 662 1214 adsumerentur.'
704 1152 831 1213 Etcum
849 1154 1007 1214 adsumere
1020 1174 1114 1216 novos
1129 1155 1167 1216 10

215 1232 320 1292 liceret
339 1233 445 1305 socios,
465 1233 534 1312 quis
560 1254 691 1313 aequum
719 1242 852 1294 censeret
879 1243 933 1295 aut
960 1233 998 1294 ob
1025 1233 1114 1295 nulla

215 1333 400 1392 quemqnam
419 1313 530 1373 merita
549 1313 583 1372 in
603 1313 771 1374 amicitiam
791 1313 896 1392 recipi,
910 1323 965 1374 aut
978 1323 1114 1393 receptos

215 1394 249 1453 in
269 1394 360 1453 fidem
380 1412 441 1452 non
462 1393 606 1455 defendi?
625 1402 747 1455 tantum
764 1413 802 1453 ne
816 1393 1114 1474 Carthaginiensium

215 1473 291 1534 socii
323 1481 378 1533 aut
411 1472 649 1534 sollicitarentur
675 1474 716 1534 ad
743 1472 952 1548 defectionem,
979 1483 1034 1534 aut
1060 1493 1116 1534 sua

215 1562 322 1634 sponte
343 1552 540 1614 desciscentes
559 1554 773 1633 reciperentur.
1130 1553 1169 1615 15

257 1633 368 1713 Legati
382 1633 515 1694 Romani
529 1632 569 1694 ab
582 1633 776 1714 Carthagine,
788 1633 868 1694 sicut
880 1633 918 1694 iis
932 1633 1047 1694 Romae
1061 1634 1115 1693 im·

216 1723 357 1794 peratum
378 1723 453 1788 erat,
467 1713 501 1773 in
521 1713 714 1793 Hispaniam,
729 1723 765 1774 ut
784 1714 905 1775 adirent
925 1713 1064 1777 civitates
1084 1722 1116 1775 et

216 1795 250 1854 in
274 1793 451 1856 societatem
474 1793 656 1872 perlicerent
683 1803 737 1854 aut
764 1803 936 1856 averterent
956 1815 975 1854 a
996 1795 1115 1868 Poenis,

216 1875 413 1955 trajecerunt.
452 1873 507 1934 Ad
520 1875 685 1954 Bargusios
698 1875 831 1953 primum
845 1884 1002 1947 venerunt,
1016 1897 1035 1934 a
1051 1876 1116 1954 qui-

217 1955 275 2016 bus
295 1954 427 2033 henigne
446 1954 576 2034 excepti,
591 1955 664 2034 quia
687 1952 830 2015 taedebat
848 1955 969 2035 imperii
988 1955 1098 2014 Punici
1108 1976 1115 2027 ;
1131 1956 1170 2016 20

217 2034 332 2096 multos
345 2044 430 2095 trans
446 2033 600 2094 Hiberum
616 2034 745 2114 populos
765 2034 805 2095 ad
826 2034 999 2113 cupidinem
1019 2055 1117 2096 novae

218 2117 361 2176 fortunae
373 2123 544 2176 erexerunt.
585 2114 640 2174 Ad
653 2113 818 2176 Volcianos
835 2115 906 2175 inde
922 2124 967 2175 est
981 2125 1115 2187 rentum,

219 2215 350 2275 quorum
373 2194 492 2256 celebre
515 2215 571 2274 per
593 2193 778 2273 Hispaniam
802 2214 976 2272 responsum
1005 2204 1117 2254 ceteros

219 2274 348 2356 populos
375 2274 416 2334 ab
443 2275 587 2336 societate
614 2274 754 2335 Romana
781 2275 903 2336 avertit.
958 2275 1008 2334 Ita
1035 2274 1116 2334 enim

220 2354 374 2416 maximus
394 2365 470 2414 natu
491 2375 530 2416 ex
551 2355 587 2415 iis
608 2354 642 2413 in
662 2353 790 2414 concilio
811 2353 982 2433 respondit:
1012 2358 1117 2433 “quae
1132 2355 1171 2415 25

220 2433 406 2499 verecundia
424 2443 478 2508 est,
500 2435 642 2508 Romani,
662 2434 817 2512 postulare
836 2454 898 2506 vos,
920 2433 966 2494 uti
986 2442 1117 2496 vestram

221 2514 520 2593 Carthaginiensium
547 2513 701 2576 amicitiae
724 2533 954 2593 praeponamus,
975 2535 1045 2575 cum
1066 2514 1119 2593 qui

221 2597 255 2656 id
289 2596 436 2668 fecerunt,
463 2594 658 2674 Saguntinos,
685 2594 838 2654 crudelius
872 2615 964 2674 quam
998 2595 1118 2656 Poenus

222 2676 317 2736 hostis
330 2675 474 2755 perdidit,
487 2697 542 2738 vos
555 2675 629 2736 socii
643 2674 858 2754 prodideritis?
898 2674 949 2735 Ibi
968 2676 1119 2755 quaeratis

221 2757 318 2818 socios
337 2775 452 2829 censeo,
467 2755 521 2816 ubi
535 2754 707 2834 Saguntina
721 2755 821 2815 clades
835 2754 941 2834 ignota
954 2765 1007 2817 est.
1048 2756 1120 2817 His·
1134 2758 1173 2818 30

222 2836 312 2918 panis
325 2835 455 2916 populis,
470 2837 550 2896 sicut
562 2836 701 2916 lugubre,
715 2835 760 2895 ita
773 2835 892 2913 insigne
904 2835 1120 2896 documentum

223 2917 355 2996 Sagunti
381 2915 488 2976 ruinae
515 2925 613 2989 erunt,
642 2937 681 2976 ne
706 2915 774 2994 quis
794 2915 865 2975 fidei
887 2915 1044 2976 Romanae
1066 2923 1121 2977 aut

222 2996 360 3058 societati
387 2996 549 3057 confidat.’'
605 2995 682 3056 Inde
708 2994 862 3075 extemplo
896 2996 982 3056 abire
1008 2995 1120 3056 finibus

222 3077 445 3140 Volcianorum
468 3077 555 3156 jussi,
582 3077 623 3137 ab
651 3075 737 3137 nullo
765 3076 876 3136 deiude
900 3075 1028 3136 coneilio
1049 3076 1121 3136 His·

222 3157 334 3238 panias
361 3155 540 3236 benigniora
567 3157 662 3251 verba
694 3156 801 3250 tulere.
857 3155 907 3216 Ita
936 3157 1120 3237 nequiquam
1135 3155 1174 3220 35

222 3235 960 3394 1³“sallialtaffldtbttttsstllt
977 3316 1044 3374 va
1067 3321 1121 3384 a,

224 3398 307 3478 quod
321 3395 433 3457 armati
449 3397 507 3471 (ita
521 3418 585 3458 mos
599 3396 698 3475 gentis
712 3399 792 3470 erat)
808 3394 840 3452 in
856 3393 1019 3452 concilium
1034 3410 1122 3450 vene·

223 3485 306 3538 runt.
348 3477 437 3551 Cum,
451 3475 553 3540 verbis
573 3475 754 3536 extollentes
773 3473 903 3552 gloriam
919 3471 1123 3544 virtutemque
