2588 3792
133 216 175 283 70
297 234 389 282 'H'I'I
415 233 511 283 LIVI
540 233 596 280 AB
621 232 737 282 VRBE
766 230 963 282 conum

183 389 303 450 Latinis
337 389 499 469 portendi?
553 389 587 450 si
613 409 645 450 se
671 389 810 462 audiant,
837 387 964 448 domum
998 407 1088 449 suam

183 489 332 548 quemque
359 469 431 529 inde
457 469 603 542 abituros,
624 489 721 548 neque
748 469 845 547 magis
872 467 1089 529 observaturos

185 551 266 608 diem
300 548 424 609 concilii
461 567 553 628 quam
592 549 665 628 ipse,
699 548 754 628 qui
792 547 952 620 indixerit,
987 547 1089 608 obser-

185 629 255 690 vet!

151 707 171 768 5
226 707 314 768 Haec
333 716 426 786 atque
446 705 509 767 alia
522 705 627 766 eodem
641 706 827 799 pertinentia
839 705 1001 768 seditiosus
1014 707 1089 768 faci·

184 785 737 866 norosusquohomohisqueartrbuso
800 785 883 848 domi
894 796 1004 847 nactus
1015 807 1089 848 cum

184 868 318 928 maxime
342 867 509 938 dissereret,
529 865 694 927 intervenit
747 886 767 927 a
804 866 914 928 uinius.
956 865 989 927 Is
1017 867 1088 927 finis

184 947 314 1008 orationi
337 946 405 1007 fuit.
446 944 558 1007 Aversi
583 964 686 1005 omnes
709 945 750 1006 ad
801 946 979 1025 arquinium
1006 945 1088 1007 salu-

184 1027 332 1099 tandum;
351 1026 414 1104 qni,
428 1025 549 1086 silentio
570 1023 661 1096 facto,
676 1024 810 1086 monitus
831 1046 851 1087 a
868 1025 1038 1104 proxumis,
1051 1035 1089 1087 ut

132 1103 171 1165 10
185 1116 329 1185 purgaret
341 1126 381 1178 se,
396 1105 477 1185 quod
491 1104 522 1164 id
538 1104 683 1182 temporis
696 1105 836 1178 venisset,
851 1105 1089 1185 disceptatorem

184 1187 229 1246 ait
250 1206 281 1245 so
302 1194 456 1264 sumptum
478 1184 559 1245 inter
580 1192 699 1264 patrem
720 1193 752 1245 et
772 1184 882 1258 filium,
896 1205 971 1246 cura
985 1207 1089 1247 recon-

184 1265 311 1326 ciliandi
324 1265 378 1325 eos'
387 1265 417 1324 in
433 1266 565 1344 gratiam
579 1272 732 1324 moratum
746 1284 817 1337 esse,
831 1274 871 1337 et,
886 1265 961 1343 quia
981 1285 1019 1326 ea
1040 1286 1088 1327 res

185 1345 343 1405 exemisset
371 1343 460 1404 illum
487 1344 578 1418 diem,
624 1352 722 1404 ostero
750 1343 802 1404 die
828 1353 980 1418 acturum,
1008 1365 1089 1424 quae

185 1425 394 1485 constituisset.
430 1424 479 1486 Ne
492 1423 524 1484 id
535 1425 588 1504 qni
611 1444 660 1484 em
673 1423 713 1485 ab
724 1422 830 1485 Tumo
840 1423 946 1485 tulisse
957 1426 1089 1486 tacitum

132 1500 171 1562 15
185 1505 302 1576 ferunt;
327 1503 439 1565 dixisse
459 1504 549 1577 enim,
569 1504 688 1564 nullam
709 1503 880 1566 breviorem
900 1525 964 1566 esse
984 1505 1088 1586 cogni·

185 1584 296 1645 tionem
333 1603 405 1644 uam
425 1584 505 1644 inter
525 1592 643 1662 patrem
657 1593 688 1644 et
701 1583 810 1656 filium,
825 1584 992 1664 paucisque
1005 1594 1090 1646 tran·

184 1663 249 1754 sigi·
262 1604 363 1724 veriis
383 1683 484 1740 posse:
505 1664 539 1722 ni
558 1671 665 1744 pareat
684 1664 776 1744 patri,
794 1663 975 1726 habiturum
994 1665 1089 1728 infor·

185 1751 305 1803 tunmm
325 1762 395 1803 esse.

227 1820 281 1882 LI.
323 1821 410 1882 Haec
418 1819 563 1883 Aricinus
576 1823 609 1883 in
622 1843 724 1903 regem
739 1823 915 1886 Romanum
925 1825 1089 1906 increpans

132 1897 172 1959 20
186 1922 224 1962 ex
239 1901 367 1962 concilio
385 1901 472 1963 abiit.
513 1901 614 1980 Quam
635 1923 699 1964 rem
720 1903 906 1985 Tarquinius
927 1905 1089 1986 aliquanto

186 2002 277 2062 quam
288 1981 450 2043 videbatur
459 1983 580 2062 aegrius
589 1983 687 2044 ferens
697 1985 856 2046 confestim
866 1985 971 2048 Turno
982 2007 1089 2048 necem

188 2061 390 2135 machinatur,
405 2071 439 2123 ut
453 2061 582 2122 eundem
596 2072 750 2138 terrorem,
765 2084 825 2144 quo
840 2065 955 2127 civium
969 2068 1089 2128 animos

189 2141 273 2202 domi
292 2150 486 2220 oppresserat,
501 2141 620 2204 Latinis
640 2143 780 2206 iniceret..
816 2144 860 2205 Et
873 2146 947 2224 quia
961 2167 1016 2226 pro
1032 2147 1090 2207 im·

189 2221 273 2301 perio
287 2221 389 2299 palam
401 2220 530 2282 interfici
540 2242 600 2282 non
611 2231 740 2304 poterat,
748 2223 852 2285 oblato
866 2225 944 2286 falso
958 2226 1089 2288 crimine

133 2311 172 2371 25
189 2303 337 2361 insontem
352 2302 506 2379 oppressit.
548 2301 608 2362 Per
625 2303 770 2364 adversae
783 2304 924 2366 factionis
938 2305 1089 2384 quosdam

186 2381 327 2443 Aricinos
340 2399 460 2441 servum
475 2380 572 2441 Turni
586 2401 660 2443 auro
675 2384 820 2462 corrupit,
829 2393 864 2445 ut
874 2385 906 2444 in
920 2383 1089 2446 deversori-

186 2482 239 2521 um
253 2461 316 2540 ejus
330 2460 392 2521 vim
407 2480 550 2539 magnam
563 2461 737 2541 gladiorum
748 2463 855 2524 inferri
870 2464 949 2524 clam
964 2465 1087 2528 sineret.

186 2541 234 2602 Ea
247 2559 317 2600 cum
333 2559 393 2599 una
407 2550 495 2600 nocte
515 2542 649 2620 perfecta
669 2549 775 2616 essent,
784 2542 978 2623 Tarquinius,
993 2545 1088 2624 paulo

186 2631 257 2681 ante
267 2620 366 2680 lucem
377 2620 481 2680 accitis
495 2622 533 2680 ad
548 2641 579 2682 se
593 2621 781 2701 principibus
795 2621 988 2697 Latinorum,
1000 2625 1089 2705 quasi
1124 2637 1130 2650 '

128 2709 173 2770 30
186 2706 219 2761 re
238 2719 319 2761 nova
341 2699 544 2778 perturbatus,
559 2721 676 2762 moram
694 2720 782 2762 suam
803 2702 985 2776 hesternam,
1000 2705 1089 2766 velut

186 2781 312 2842 deorum
330 2779 461 2858 quadam
483 2781 676 2859 providentia
695 2779 835 2855 inlatam,
849 2781 894 2843 ait
913 2783 1007 2843 saluti
1027 2784 1088 2846 sibi

185 2871 277 2941 atque
297 2859 359 2920 illis
379 2859 478 2920 fuisse.
519 2859 572 2920 Ab
586 2860 689 2921 Turno
703 2859 766 2921 dici
784 2861 843 2922 sibi
858 2871 889 2922 et
902 2863 1088 2941 primoribus

185 2940 367 3022 populorum
390 2939 492 3018 parari
516 2958 629 3013 necem,
656 2948 690 3000 ut
712 2938 896 3002 Latinorum
921 2943 1005 3004 solus
1032 2943 1089 3004 im·

185 3022 304 3102 perium
318 3027 430 3080 teneat.
471 3018 695 3096 Adgressurum
715 3019 807 3082 fuisse
827 3021 968 3084 hesterno
985 3023 1036 3084 die
1053 3024 1088 3084 in

133 3107 172 3166 35
186 3099 332 3172 concilio,
366 3099 496 3159 dilatam
523 3117 587 3157 rem
614 3118 684 3171 esse,
712 3099 794 3177 quod
828 3110 936 3162 auctor
963 3103 1088 3164 concilii

186 3179 307 3252 afuerit,
322 3198 412 3259 quem
430 3177 564 3238 maxime
582 3186 704 3255 peteret.
746 3177 825 3239 inde
844 3173 931 3240 illam
952 3181 1088 3244 absentis

187 3260 414 3320 insectationem
429 3277 491 3317 esse
505 3266 618 3328 natam,
633 3257 713 3336 quod
727 3257 874 3318 morando
894 3279 978 3338 spem
997 3260 1088 3322 desti-

187 3339 289 3400 tuerit.
332 3335 404 3397 Non
418 3335 568 3408 dubitare,
576 3335 602 3395 si
616 3355 689 3396 vera
702 3335 887 3411 deierantur,
896 3340 971 3418 quin
984 3339 1088 3419 prima
