2616 3790
10 3423 16 3514 i

454 267 587 314 aranu
612 265 728 334 xxrr,
756 247 886 313 37-38.
1105 247 1166 313 181

216 423 351 500 coluisse,
376 443 413 486 ac
437 445 502 488 rem
530 422 702 485 Romanam
726 421 809 484 omni
832 431 965 502 tempore
987 441 1023 483 ac
1047 419 1115 486 loco

215 507 357 567 munifice
381 505 542 586 adjuvisse.
583 503 622 564 Id
643 503 769 583 perinde
789 523 826 563 ac
847 501 970 563 deberet
993 511 1115 582 gratum

253 587 328 666 pulo
349 586 490 647 Romano
511 605 581 645 esse.
623 584 745 645 Aurum
764 592 795 643 et
815 601 834 642 a
855 582 1030 645 civitatibus
1051 582 1116 661 qui·

214 607 343 728 ldsdam
364 666 514 738 adlatum,
534 663 636 744 gratia
659 664 704 724 rei
728 665 862 743 accepta,
883 683 945 723 non
966 663 1116 740 accepisse

214 747 362 826 populum
386 746 579 820 Romanum;
599 742 773 805 Victoriam
798 762 945 822 omenque
969 742 1116 821 accipere,
1149 741 1169 802 5

213 827 313 888 sedem
336 847 374 888 ue
395 826 475 887 eise
496 825 586 886 divae
610 823 684 884 dare
707 823 810 884 dicare
830 822 1028 903 Capitolium,
1042 832 1115 882 tem-

213 907 301 986 plum
315 848 408 970 ⁴louis
432 904 542 985 optimi
566 903 703 964 maximi.
745 902 784 963 In
805 923 842 964 ea
861 923 931 963 arce
951 903 1035 963 urbis
1056 902 1116 963 Ro·

213 1007 323 1048 manae
343 995 499 1060 sacratam,
511 984 663 1046 volentem
684 983 918 1066 propitiamque,
938 982 1058 1043 firmam
1078 1002 1115 1043 ac

212 1067 355 1128 stabilem
368 1067 433 1127 fore
445 1065 559 1146 populo
574 1063 732 1125 Romano?

217 1158 218 1162 ’
253 1147 437 1208 Funditores
464 1145 676 1226 sagittariique
699 1153 730 1205 et
753 1141 941 1206 frumentum
966 1141 1169 1205 traditum10

213 1227 397 1288 consulibus.
439 1227 681 1306 Quinqueremes
709 1223 748 1284 ad
782 1230 894 1284 matam
926 1224 1032 1302 aipiati
1063 1243 1115 1284 na·

213 1307 299 1368 vium
320 1307 456 1380 classem,
471 1327 549 1387 quae
570 1326 640 1365 cum
657 1304 692 1366 T.
711 1303 845 1365 Otacilio
864 1311 1060 1383 propraetore
1080 1303 1114 1363 in

212 1386 320 1448 Sicilia
340 1395 414 1461 erat,
432 1387 567 1467 quinqua
587 1393 617 1446 et
637 1383 749 1465 viginti
770 1383 903 1457 additae,
925 1383 1116 1478 permissum·

212 1486 271 1546 que
285 1475 339 1540 est,
353 1475 397 1541 ut,
410 1467 437 1528 si
457 1487 474 1528 e
494 1486 527 1527 re
547 1464 672 1546 publica
693 1471 828 1526 censeret
840 1483 912 1538 esse,
927 1483 960 1522 m
975 1463 1115 1524 Africam

211 1547 363 1608 traiceret
1131 1542 1170 1605 15

250 1625 451 1690 XXXVIII.
496 1625 620 1688 Dilectu
632 1626 765 1707 perfecto
777 1624 914 1687 consules
927 1645 1040 1705 paucos
1055 1645 1116 1686 mo·

211 1708 272 1768 rati
283 1707 356 1782 dies,
365 1708 438 1768 dum
449 1708 523 1769 socii
537 1708 577 1769 ab
588 1707 710 1769 nomine
720 1707 834 1768 Latino
843 1706 991 1769 venirent
1026 1704 1115 1780 Tum,

211 1787 294 1866 quod
315 1807 482 1868 numquam
503 1795 594 1849 antea
613 1789 730 1849 factum
750 1795 825 1860 erat,
835 1787 905 1867 jure
921 1785 1054 1867 jurando
1075 1786 1115 1848 ab

211 1867 343 1929 tribunis
363 1867 497 1929 militum
519 1868 622 1929 adacti
641 1868 769 1942 milites;
792 1888 864 1928 nam
885 1867 924 1928 ad
945 1888 1013 1928 eam
1034 1868 1113 1928 diem
1171 1923 1174 1932 .

211 1947 291 2008 nihil
311 1957 433 2028 praeter
451 1956 675 2010 sacramentum
697 1949 807 2023 fuerat,
830 1949 928 2028 ‘jussu
954 1948 1113 2009 consulum
1129 1946 1169 2008 20

211 2037 414 2089 conventuros
434 2047 532 2108 neque
552 2029 668 2110 injussu
689 2029 844 2103 abituros,'
859 2037 890 2090 et
904 2029 958 2090 ubi
972 2029 1011 2091 ad
1026 2029 1115 2091 decu-

211 2107 354 2168 riandum
375 2116 430 2169 aut
449 2109 683 2170 centuriandum
705 2111 923 2184 convenissent,
938 2130 994 2172 sua
1007 2110 1116 2172 volun·

211 2194 276 2249 tate
295 2187 355 2268 ipsi
374 2189 455 2249 inter
474 2209 537 2250 sese
557 2189 706 2252 decuriati
732 2189 857 2271 equites,
879 2191 1041 2253 centuriati
1065 2211 1115 2271 pe·

210 2266 289 2329 dites
304 2268 515 2348 conjurabant,
530 2273 610 2330 ‘sese
629 2271 721 2352 fugae
741 2281 834 2352 atque
853 2272 1025 2334 formidinis
1043 2291 1114 2351 ergo

211 2368 273 2408 non
297 2347 442 2423 abituros,
463 2369 561 2429 nequo
587 2371 628 2411 ex
654 2353 760 2413 ordine
787 2373 953 2414 recessuros
977 2352 1035 2413 nisi
1059 2352 1114 2413 teli
1129 2349 1168 2410 25

211 2428 351 2489 sumendi
366 2437 420 2489 aut
436 2429 623 2509 [re]petendi
646 2433 705 2510 [et]
728 2442 783 2494 aut
803 2433 897 2494 hostis
917 2433 1046 2494 feriendi
1059 2441 1115 2494 aut

212 2507 288 2569 civis
308 2508 451 2570 servandi
472 2510 582 2572 causa!
624 2512 662 2572 Id
683 2535 722 2575 ex
739 2514 914 2576 voluntario
934 2513 1015 2574 inter
1034 2513 1115 2593 ipsos

211 2587 332 2680 foedere
345 2587 386 2650 ad
399 2589 539 2652 tribunos
552 2611 589 2653 ac
602 2592 772 2674 legitimam
788 2593 868 2676 juris
883 2593 1011 2676 jurandi
1025 2594 1114 2656 adac—

213 2675 326 2729 tronem
340 2670 533 2733 translatum.

252 2747 424 2824 contiones,
446 2751 623 2834 priusquam
644 2753 684 2818 ab
704 2755 780 2818 urbe
803 2756 890 2837 signa
909 2765 1113 2832 moverentur,
1128 2755 1168 2818 30

212 2827 343 2922 consulis
368 2829 517 2893 Varronis
543 2835 661 2897 multae
684 2857 721 2898 ao
745 2837 858 2899 feroces
881 2838 975 2912 fuere,
1000 2838 1114 2899 denun-

211 2915 327 2982 t1antrs,
349 2909 482 2971 ‘bellum
502 2915 679 2977 arcessitum
699 2918 733 2979 in
754 2918 879 2980 Italiam
900 2918 939 2979 ab
959 2917 1114 2980 nobilibus

210 3007 449 3072 mansurumque
472 2992 505 3055 in
529 2996 696 3059 visceribus
723 2999 768 3059 rei
795 2999 944 3078 publicae,
965 2999 991 3060 si
1012 2999 1114 3080 plures

211 3066 324 3130 Fabios
338 3071 533 3152 imperatores
549 3076 685 3152 haberet,
698 3099 739 3153 se,
754 3099 813 3159 quo
828 3079 877 3140 die
891 3079 1007 3141 hostem
1021 3080 1113 3142 vidis-

209 3158 264 3222 set,
285 3151 510 3229 perfecturum.'
552 3156 705 3238 Conlegae
727 3159 791 3239 ejus
811 3158 903 3220 Pauli
924 3179 995 3234 una,
1013 3159 1112 3238 pridie
1127 3155 1166 3218 35

210 3249 303 3308 quam
330 3230 370 3291 ab
398 3234 474 3296 urbe
500 3237 749 3316 proficisceretur,
778 3240 878 3300 contio
913 3239 982 3313 fuit,
1011 3239 1112 3299 verior

210 3328 302 3388 quam
316 3313 433 3392 gratior
449 3317 571 3396 populo,
586 3338 647 3397 qua
667 3319 746 3379 nihil
768 3317 965 3379 inclementer
986 3319 1018 3376 in
1032 3317 1111 3377 Var-

209 3410 314 3453 ronem
329 3393 446 3454 dietum
459 3395 518 3456 nisi
533 3396 565 3456 id
579 3397 679 3471 modo,
694 3398 816 3457 ‘mirari
830 3417 871 3468 se,
886 3396 966 3475 quod
981 3395 1111 3470 denique

207 3471 283 3548 dux,
304 3474 483 3554 priusquam
507 3485 563 3538 aut
585 3496 675 3538 suum
699 3484 754 3537 aut
776 3475 909 3536 hostium
932 3471 1110 3542 exercitum,
