2616 3790
115 193 178 256 164
285 209 579 261 n1n1n1v1n13
606 212 723 262 vanu
752 212 944 260 commun

207 365 315 446 Neque
338 367 371 429 id
392 367 634 461 pulcherrimum
661 369 725 450 ejus
749 369 896 432 victoriae
922 369 992 444 fnit,
1016 367 1070 430 sed

167 447 248 586 quod
263 468 325 508 una
339 447 401 510 lavr
415 468 521 528 pugna
533 457 598 510 toto
612 449 676 529 ejus
690 470 761 511 orae
774 451 853 510 mari
866 451 958 531 potiti
971 458 1069 512 erant.

186 535 277 606 taque
290 527 330 588 ad
345 527 482 590 Onusam
496 528 591 592 classe
603 529 751 609 profecti;
772 531 903 592 escensio
924 530 964 592 ab
984 530 1071 592 navi·

167 605 223 666 bus
244 606 278 666 in
298 616 411 668 terram
432 608 523 670 facta.
564 607 643 670 Cum
663 609 771 670 urbem
784 610 818 672 vi
832 611 980 690 cepissent
1001 631 1072 689 cap·

135 685 153 745 5
167 695 290 766 tamque
303 687 507 767 diripuissent,
521 688 739 769 Carthaginem
752 689 824 751 inde
837 699 963 770 petunt;
977 699 1072 770 atque

167 787 287 826 omnem
307 787 416 846 agrum
437 768 520 829 cirea
539 769 725 850 depopulati,
739 777 890 850 postremo
906 779 986 831 tecta
999 790 1072 849 quo-

167 866 227 924 que
240 847 379 927 injuncta
393 868 481 907 muro
494 848 649 929 portisque
662 849 872 911 incenderunt.
913 849 993 921 Inde
999 923 1002 929 Ι
1003 852 1071 930 jam

159 927 274 1004 praeda
293 928 395 1006 gravis
415 927 455 988 ad
475 925 700 1006 Longunticam
724 926 863 1006 pervenit
883 926 994 1002 classis,
1016 925 1071 988 ubi

161 1009 207 1066 vis
228 1026 340 1086 magns
360 1007 456 1086 sparti
475 1015 538 1066 erat
557 1007 597 1067 ad
611 1027 675 1066 rem
696 1008 852 1066 nauticam
867 1015 1010 1085 congesta
1029 1007 1071 1069 ab

115 1093 153 1154 10
168 1087 371 1150 Hasdrubale.
414 1085 512 1164 Quod
523 1087 597 1148 satis
610 1086 643 1145 in
657 1106 745 1146 usum
766 1085 828 1146 fuit
846 1084 978 1159 sublato,
992 1093 1070 1146 cete·

167 1190 234 1229 rum
250 1188 338 1229 omne
352 1168 507 1228 incensum
519 1175 572 1228 est
614 1165 680 1226 Neo
691 1165 873 1226 continentis
884 1165 975 1226 modo
984 1185 1070 1245 prae-

167 1249 275 1310 lectast
288 1269 350 1322 ora,
360 1256 405 1309 set
418 1248 452 1307 in
466 1247 605 1308 Ebusum
616 1245 747 1306 insulam
759 1245 977 1307 transmissum.
1019 1244 1070 1306 Ibi

167 1330 252 1403 urbe,
275 1349 354 1408 qnae
381 1335 474 1406 caput
499 1325 618 1386 insulae
645 1333 698 1399 est,
729 1325 856 1386 biduum
882 1325 1070 1406 nequiquam

167 1430 284 1470 summo
295 1407 400 1470 labore
409 1415 595 1487 oppugnata,
604 1405 659 1466 ubi
673 1407 705 1466 in
718 1426 802 1484 spem
816 1405 941 1466 inritam
955 1405 1072 1466 frustra

116 1493 154 1554 15
169 1491 226 1552 teri
241 1499 359 1568 tempus
372 1488 618 1550 animadversum
632 1495 685 1560 est,
699 1485 740 1547 ad
754 1485 984 1579 populationem
1002 1485 1071 1566 agri

168 1570 257 1643 versi,
271 1569 397 1648 direptis
411 1567 529 1647 aliquot
542 1567 730 1646 incensisque
744 1566 830 1640 viora,
844 1567 959 1646 majore
977 1586 1071 1646 quam

168 1670 207 1710 ex
222 1649 390 1710 continenti
403 1648 518 1728 praeda
531 1656 621 1728 parta
634 1667 704 1707 cum
725 1646 758 1706 in
778 1666 872 1709 naves
891 1666 924 1708 se
943 1647 1072 1728 recepis-

167 1739 243 1803 sent,
258 1749 297 1789 ex
311 1727 486 1790 Baliaribus
507 1727 614 1790 insulis
635 1726 730 1806 legati
749 1746 857 1806 pacem
875 1734 1012 1806 petentes
1030 1727 1071 1788 ad

169 1809 341 1889 Scipionem
361 1817 520 1871 venerunt
561 1807 639 1869 Inde
663 1807 745 1868 flexa
768 1816 849 1868 retro
870 1807 974 1870 elassis
993 1807 1072 1868 redi·

116 1893 156 1954 20
170 1899 296 1969 tumque
315 1889 348 1949 in
369 1889 510 1949 citeriora
530 1887 716 1968 provinciae,
737 1907 797 1966 quo
819 1887 954 1948 omnium
976 1908 1072 1968 popu-

169 1970 279 2044 lorum,
294 1969 347 2049 qui
366 1968 520 2029 Hiberum
541 1968 696 2042 adcolunt,
711 1967 880 2029 multorum
896 1977 928 2030 et
944 1967 1073 2029 ultimae

170 2050 341 2131 Hispaniae
355 2048 448 2128 legati
462 2057 697 2122 concurrerunt;
718 2048 770 2108 sed
785 2047 839 2126 qui
852 2068 924 2110 vere
942 2048 1072 2110 dicionis

170 2127 349 2212 imperiique
363 2129 495 2190 Romani
515 2126 590 2190 facti
608 2128 671 2189 sint
690 2126 846 2190 obsidibus
861 2127 950 2202 datis,
963 2129 1072 2209 populi

170 2211 302 2292 amplius
322 2211 447 2270 fuerunt
467 2219 588 2270 centnm
601 2209 723 2288 viginti.
764 2208 866 2290 Igitur
879 2209 1073 2270 terrestribus

117 2295 157 2356 25
191 2312 289 2372 unque
303 2291 397 2371 copiis
410 2290 483 2351 satis
496 2290 591 2351 fidens
605 2289 762 2351 Romanus
782 2309 877 2368 usque
897 2289 939 2350 ad
957 2289 1073 2350 saltum
1094 2340 1096 2345 .

171 2373 418 2434 bastulonensem
442 2379 487 2430 est
503 2390 701 2449 ,progressum
729 2368 909 2431 Hasdrubal
930 2369 964 2432 in
983 2369 1073 2432 Lusi·

170 2453 288 2515 taniam
302 2471 338 2512 ac
352 2451 475 2531 propius
490 2450 646 2512 Oceanum
661 2449 815 2511 concessit.

211 2531 307 2593 XXI.
349 2531 497 2608 Quietum
531 2530 603 2591 inde
637 2531 701 2591 fore
728 2529 892 2591 videbatur
918 2529 1074 2610 reliquum
1175 2592 1184 2604 ,

170 2612 293 2674 aestatis
307 2620 435 2690 tempus,
449 2611 613 2690 fuissetque
633 2631 687 2690 per
707 2610 845 2672 Poenum
863 2611 980 2672 hostem
990 2632 998 2684 ;
1019 2613 1073 2673 sed

118 2697 158 2758 30
171 2702 384 2774 praeterquam
411 2691 492 2770 quod
521 2691 654 2771 ipsorum
691 2691 900 2770 Hispanorum
933 2691 966 2750 in
988 2691 1073 2752 uieta

171 2774 322 2852 avidaque
336 2772 369 2831 in
383 2792 477 2834 novas
492 2792 538 2832 res
551 2780 623 2832 sunt
636 2771 768 2850 ingenia,
782 2769 968 2832 Mandonius
1023 2771 1074 2833 de·

171 2853 310 2933 bilisqna‚
335 2852 389 2933 qui
412 2862 503 2914 antea
527 2852 695 2932 Hergetum
718 2849 842 2930 regulus
862 2850 973 2925 fuerat,
993 2861 1073 2931 post·

171 2942 262 3015 quam
274 2935 407 2996 Romani
422 2935 461 2994 ab
475 2933 554 2994 saltu
566 2952 711 2993 recessere
724 2931 765 2993 ad
779 2931 967 2993 maritimam
977 2952 1073 3008 oram,

172 3016 298 3077 concitis
322 3013 529 3096 popularibus,
553 3013 586 3072 in
614 3033 723 3092 agrum
750 3022 895 3092 pacatum
921 3013 1073 3075 sociorum

118 3098 157 3159 35
172 3097 381 3158 Romanorum
409 3095 448 3155 ad
476 3091 687 3174 populandum
714 3103 873 3155 venerunt.
913 3093 1072 3158 Adversus

171 3197 220 3238 eos
245 3177 361 3239 tribuni
387 3175 519 3234 miiitum
544 3192 614 3233 cum
637 3172 789 3252 expeditis
815 3173 940 3235 auxiliis
967 3195 986 3236 a
1009 3173 1070 3236 Sci-

170 3258 260 3336 pione
274 3255 357 3316 missi
371 3253 432 3315 levi
446 3253 620 3324 certamine,
634 3260 670 3312 ut
684 3252 918 3314 tumultuariam
934 3274 1071 3329 manum,

153 3338 269 3395 'fudere
289 3337 322 3393 in
343 3333 439 3393 omnis
455 3332 560 3408 partia,
581 3330 685 3390 occisis
705 3330 888 3410 quibusdam
916 3332 1074 3412 captisque

164 3435 334 3493 magnaque
354 3421 440 3491 parte
460 3410 551 3469 armis
572 3419 672 3469 exuta.
715 3410 778 3470 Hie
799 3419 901 3472 tamen
923 3413 1074 3488 tumultus
