2616 3790
435 238 570 286 nrsnn
595 238 710 306 xx11,
738 222 868 287 16-18.
1090 223 1152 288 1⁶1

200 389 302 458 rersos
323 394 514 456 concitentur
533 396 661 468 montis;
683 403 714 457 et
733 404 831 456 metus
851 394 915 475 ipse
938 395 1101 458 relucentis

200 477 343 536 flammae
356 496 395 536 ex
410 475 509 554 capite
523 476 665 554 calorque
674 476 740 555 jam
754 475 794 536 ad
805 476 910 537 vivum
925 476 966 537 ad
979 477 1020 536 im
1064 497 1102 537 ue

201 576 350 616 cornuum
375 555 540 616 adveniens
564 555 650 616 velut
672 555 844 616 stimulatos
866 555 967 616 furore
991 565 1101 635 egeat

201 635 301 697 boves.
344 634 416 711 Quo
430 643 551 713 repente
565 634 712 709 discursu,
723 634 799 694 haut
812 655 896 696 secus
910 655 1002 714 quam
1015 635 1101 697 silvis

199 712 414 792 montibusque
445 713 586 782 accensis,
605 713 708 774 omnia
735 712 848 774 circum
876 713 1012 794 virgulta
1038 715 1100 776 cisa
1133 716 1152 776 5

198 793 324 865 ardere;
353 791 548 872 capitumque
567 792 661 852 inrita
680 794 839 872 quassatio,
859 793 995 854 excitans
1015 793 1099 856 flam·

201 892 293 946 mam,
301 871 461 933 hominum
471 872 582 951 passim
593 872 826 934 discurrentium
840 873 969 953 speciem
980 875 1101 968 praebe·

201 951 262 1013 bat
292 952 356 1029 Qui
366 952 407 1013 ad
418 952 579 1032 transitum
590 951 685 1012 saltus
696 952 888 1013 insidendum
901 955 992 1016 locatr
1004 965 1100 1030 crant,

201 1031 254 1093 ubi
274 1033 307 1092 in
328 1032 454 1092 summis
473 1031 627 1092 montibus
646 1052 683 1092 ac
704 1052 795 1112 super
810 1054 841 1093 se
855 1034 1000 1112 quosdam
1016 1036 1100 1114 ignes

200 1132 394 1193 conspexere,
413 1112 635 1173 circumventos
655 1132 687 1171 se
707 1132 769 1172 csse
789 1113 858 1185 rati,
879 1115 1029 1192 praesidio
1049 1137 1100 1176 ex·
1114 1117 1155 1182 10

200 1211 323 1254 cessere.
377 1192 448 1269 Qua
476 1191 601 1252 minime
628 1193 739 1252 densae
765 1193 921 1254 micabant
948 1194 1099 1270 flammae,

199 1273 286 1334 velut
299 1273 485 1334 tutissimum
498 1271 557 1332 iter
568 1280 702 1352 petentes
716 1292 834 1333 summa
848 1274 996 1335 montium
1013 1277 1099 1370 juga,

199 1361 302 1414 tamen
317 1353 349 1413 in
363 1353 509 1432 quosdam
524 1352 615 1414 boves
634 1351 752 1431 palatos
774 1373 793 1413 a
812 1353 874 1414 suis
894 1355 1035 1434 gregibus
1056 1377 1087 1415 m

200 1433 348 1494 ciderunt
391 1433 434 1494 Et
460 1433 558 1512 primo
587 1452 657 1494 cum
685 1432 791 1512 procul
816 1444 981 1506 cernerent,
1003 1435 1099 1496 veluti

199 1511 337 1574 flammas
357 1513 539 1593 spirantium
559 1512 708 1574 miraculo
730 1513 862 1574 adtoniti
879 1514 1098 1588 constiterunt;
1114 1514 1154 1579 15

199 1593 309 1654 deinde
323 1602 358 1654 ut
372 1594 507 1653 humana
527 1593 671 1673 apparuit
691 1593 784 1667 fraus,
799 1601 864 1654 tum
879 1614 952 1656 vero
973 1594 1100 1656 insidias

198 1673 258 1733 rati
272 1693 343 1747 esse,
358 1693 428 1734 curn
442 1673 556 1753 majore
571 1672 707 1734 tumultu
721 1675 878 1734 concitant
890 1694 922 1734 se
936 1674 968 1734 in
983 1675 1098 1754 fugam.

198 1751 277 1815 levi
296 1773 416 1832 quoque
434 1763 610 1815 armaturae
624 1754 757 1815 hostium
772 1755 944 1827 incurrere;
966 1765 1099 1816 ceterum

197 1852 260 1893 nox
280 1844 410 1912 aequato
430 1834 539 1895 timore
560 1843 682 1895 neutros
704 1855 838 1928 pugnarn
862 1835 922 1895 inei
946 1835 1035 1896 ieutis
1058 1836 1099 1897 ad

197 1911 299 1974 lucem
312 1914 420 1976 tenuit
462 1914 585 1976 Interea
599 1924 663 1976 toto
678 1936 800 1994 agmine
820 1856 981 1977 Hannibal
1002 1926 1098 1977 trans·
1112 1916 1153 1979 2⁰

197 1992 289 2054 ducto
302 2013 356 2088 per
369 1994 491 2088 saltum,
506 2005 536 2056 et
550 1994 778 2088 quibusdamuin
792 1995 857 2075 ipso
870 1996 951 2058 saltu
964 1997 1099 2058 hostium

196 2092 401 2215 OPHHllll.m
409 2074 927 2216 Hgddchdhihlduhosdddsidsdhbius
936 2177 944 2229 ;
965 2165 1097 2216 ceterum

196 2241 227 2295 et
240 2234 367 2295 insidias
381 2255 443 2296 esse
455 2245 539 2296 ratus
553 2244 584 2296 et
597 2235 637 2296 ab
651 2244 800 2296 nocturno
815 2236 919 2314 utique
933 2235 1098 2296 abhorrens

196 2315 371 2389 certamine,
385 2336 453 2376 suos
467 2316 662 2376 munimentis
677 2315 784 2376 tenuit.
825 2315 910 2376 Luce
924 2315 1025 2395 prima
1038 2314 1096 2375 sub
1112 2313 1151 2375 25

202 2395 273 2474 'ugo
294 2396 405 2456 montis
425 2396 574 2474 proelium
596 2395 664 2468 fuit,
679 2416 740 2475 quo
759 2395 954 2456 interclusam
975 2395 1015 2455 ab
1036 2395 1098 2455 suis

196 2416 295 2537 levem
310 2485 498 2536 armaturam
512 2475 603 2536 facile
619 2475 745 2549 (etenim
760 2494 886 2535 numero
902 2475 1098 2554 aliquantum

195 2555 408 2633 praestabant)
431 2553 563 2616 Romani
587 2563 786 2635 superassent,
807 2554 866 2614 nisi
887 2555 1096 2633 Hispanorum

195 2636 303 2696 cohors
322 2635 363 2695 ad
384 2635 416 2695 id
438 2636 537 2715 ipsum
558 2635 681 2695 remissa
702 2634 742 2695 ab
762 2634 941 2695 Hannibale
956 2655 1096 2715 superve-

195 2716 295 2776 nisset
338 2715 387 2775 Ea
406 2715 560 2776 adsuetior
578 2714 740 2788 montibus,
754 2724 785 2774 et
799 2713 840 2775 ad
854 2714 1095 2775 concursandum
1109 2715 1150 2776 30

194 2795 274 2856 inter
291 2815 368 2856 saxa
381 2815 530 2875 rupesque
550 2794 650 2875 aptior
670 2815 707 2854 ac
728 2793 833 2867 levior,
849 2813 917 2854 cnm
933 2794 1096 2856 velocitate

194 2895 365 2956 corporum,
380 2884 446 2936 tum
461 2893 613 2935 armorum
629 2874 747 2947 habitu,
758 2883 957 2954 campestrem
971 2874 1095 2950 hostem,

193 2976 319 3034 gravem
346 2955 439 3016 armis
466 2955 694 3033 statariumque,
722 2973 842 3033 pugnae
869 2974 979 3032 genere
1005 2954 1095 3015 facile

194 3035 293 3096 elusit.
334 3035 385 3096 Ita
412 3034 650 3114 haudquaquam
677 3034 744 3113 pari
773 3035 937 3093 certamine
959 3034 1094 3112 digressi,

193 3113 329 3195 Hispani
349 3115 419 3195 fere¹
432 3135 534 3176 omnes
555 3113 730 3186 incolumes,
745 3113 879 3174 Romani
898 3113 1016 3193 aliquot
1031 3115 1094 3175 suis
1108 3112 1148 3174 35

192 3196 309 3256 amissis
323 3196 356 3255 in
370 3205 470 3260 castra
484 3192 713 3255 contenderunt
872 3197 875 3203 '

232 3275 348 3337 Fabius
370 3294 489 3354 quoque
509 3273 606 3335 movit
626 3281 735 3345 castra,
756 3280 1017 3351 transgressusque
1036 3272 1094 3331 sal·

191 3364 255 3416 tum
267 3376 359 3437 super
367 3355 483 3414 Allifas
494 3352 561 3413 loco
572 3353 635 3412 alto
649 3372 686 3410 ac
700 3352 818 3410 munito
830 3350 973 3409 consedit.
1015 3348 1094 3405 Tum

190 3457 244 3516 per
257 3435 419 3562 Sqrpniqm
439 3433 571 3494 Romam
591 3451 623 3491 se
643 3439 745 3508 petere
765 3427 913 3487 simulans
933 3421 1095 3483 Hannibal

331 3541 365 3550 --
397 3527 452 3578 lvy·
