<?xml version="1.0" encoding="UTF-8"?>
<!DOCTYPE html PUBLIC "-//W3C//DTD XHTML 1.0 Transitional//EN"
    "http://www.w3.org/TR/xhtml1/DTD/xhtml1-transitional.dtd">
<html xmlns="http://www.w3.org/1999/xhtml" xml:lang="en" lang="en">
 <head>
  <title>
</title>
<meta http-equiv="Content-Type" content="text/html;charset=utf-8" />
  <meta name='ocr-system' content='tesseract 3.04.00' />
  <meta name='ocr-capabilities' content='ocr_page ocr_carea ocr_par ocr_line ocrx_word'/>
</head>
<body>
  <div class='ocr_page' id='page_1' title='image "./historieslivybo00chasgoog_0184.png"; bbox 0 0 2616 3790; ppageno 0'>
   <div class='ocr_carea' id='block_1_1' title="bbox 449 213 1167 298">
    <p class='ocr_par' dir='ltr' id='par_1_1' title="bbox 449 213 1167 298">
     <span class='ocr_line' id='line_1_1' title="bbox 449 213 1167 298; baseline 0.01 -23"><span class='ocrx_word' id='word_1_1' title='bbox 449 227 585 278; x_wconf 74' lang='lat' dir='ltr'><strong>moun</strong></span> <span class='ocrx_word' id='word_1_2' title='bbox 610 228 724 298; x_wconf 88' lang='lat' dir='ltr'><strong>xxrr,</strong></span> <span class='ocrx_word' id='word_1_3' title='bbox 752 213 883 280; x_wconf 76' lang='lat' dir='ltr'><strong>32-3t</strong></span> <span class='ocrx_word' id='word_1_4' title='bbox 1103 215 1167 282; x_wconf 82' lang='grc'><strong>177</strong></span> 
     </span>
    </p>
   </div>
   <div class='ocr_carea' id='block_1_2' title="bbox 214 384 1115 550">
    <p class='ocr_par' dir='ltr' id='par_1_2' title="bbox 214 384 1115 550">
     <span class='ocr_line' id='line_1_2' title="bbox 214 384 1115 469; baseline 0.006 -23"><span class='ocrx_word' id='word_1_5' title='bbox 214 404 270 464; x_wconf 89' lang='lat' dir='ltr'><strong>que</strong></span> <span class='ocrx_word' id='word_1_6' title='bbox 283 393 314 446; x_wconf 90' lang='lat' dir='ltr'><strong>et</strong></span> <span class='ocrx_word' id='word_1_7' title='bbox 327 384 440 464; x_wconf 83' lang='lat' dir='ltr'><strong>viginti</strong></span> <span class='ocrx_word' id='word_1_8' title='bbox 453 385 488 446; x_wconf 90' lang='lat' dir='ltr'><strong>iu</strong></span> <span class='ocrx_word' id='word_1_9' title='bbox 501 406 620 447; x_wconf 89' lang='lat' dir='ltr'><strong>crucem</strong></span> <span class='ocrx_word' id='word_1_10' title='bbox 642 386 714 461; x_wconf 78' lang='lat' dir='ltr'><strong>ceti,</strong></span> <span class='ocrx_word' id='word_1_11' title='bbox 729 387 811 467; x_wconf 91' lang='lat' dir='ltr'><strong>quod</strong></span> <span class='ocrx_word' id='word_1_12' title='bbox 825 387 858 448; x_wconf 89' lang='lat' dir='ltr'><strong>in</strong></span> <span class='ocrx_word' id='word_1_13' title='bbox 872 407 981 469; x_wconf 80' lang='lat' dir='ltr'><strong>compo</strong></span> <span class='ocrx_word' id='word_1_14' title='bbox 999 389 1115 452; x_wconf 78' lang='lat' dir='ltr'><strong>Mettio</strong></span> 
     </span>
     <span class='ocr_line' id='line_1_3' title="bbox 214 465 1115 550; baseline 0.009 -25"><span class='ocrx_word' id='word_1_15' title='bbox 214 466 435 545; x_wconf 79' lang='lat' dir='ltr'><strong>conjurassent;</strong></span> <span class='ocrx_word' id='word_1_16' title='bbox 469 466 565 527; x_wconf 91' lang='lat' dir='ltr'><strong>indici</strong></span> <span class='ocrx_word' id='word_1_17' title='bbox 593 465 668 528; x_wconf 81' lang='lat' dir='ltr'><strong>dota</strong></span> <span class='ocrx_word' id='word_1_18' title='bbox 694 467 821 529; x_wconf 81' lang='lat' dir='ltr'><strong>libertus</strong></span> <span class='ocrx_word' id='word_1_19' title='bbox 848 477 880 530; x_wconf 89' lang='lat' dir='ltr'><strong>et</strong></span> <span class='ocrx_word' id='word_1_20' title='bbox 906 470 984 530; x_wconf 82' lang='lat' dir='ltr'><strong>aeris</strong></span> <span class='ocrx_word' id='word_1_21' title='bbox 1011 471 1115 550; x_wconf 75' lang='lat' dir='ltr'><strong>gravis</strong></span> 
     </span>
    </p>
   </div>
   <div class='ocr_carea' id='block_1_3' title="bbox 208 545 1202 3519">
    <p class='ocr_par' dir='ltr' id='par_1_3' title="bbox 211 545 1171 1903">
     <span class='ocr_line' id='line_1_4' title="bbox 213 545 1114 628; baseline 0.007 -22"><span class='ocrx_word' id='word_1_22' title='bbox 213 545 324 624; x_wconf 87' lang='lat' dir='ltr'><strong>viginti</strong></span> <span class='ocrx_word' id='word_1_23' title='bbox 344 545 439 606; x_wconf 58' lang='lat' dir='ltr'><strong>milia„</strong></span> <span class='ocrx_word' id='word_1_24' title='bbox 482 546 593 627; x_wconf 79' lang='lat' dir='ltr'>Legati</span> <span class='ocrx_word' id='word_1_25' title='bbox 606 556 637 608; x_wconf 87' lang='lat' dir='ltr'><strong>et</strong></span> <span class='ocrx_word' id='word_1_26' title='bbox 651 547 693 608; x_wconf 79' lang='lat' dir='ltr'><strong>nd</strong></span> <span class='ocrx_word' id='word_1_27' title='bbox 706 547 888 628; x_wconf 87' lang='lat' dir='ltr'><strong>Philippum</strong></span> <span class='ocrx_word' id='word_1_28' title='bbox 908 549 1114 612; x_wconf 72' lang='lat' dir='ltr'><strong>Macedonum</strong></span> 
     </span>
     <span class='ocr_line' id='line_1_5' title="bbox 213 625 1114 707; baseline 0.008 -22"><span class='ocrx_word' id='word_1_29' title='bbox 213 645 313 704; x_wconf 89' lang='lat' dir='ltr'><strong>regem</strong></span> <span class='ocrx_word' id='word_1_30' title='bbox 334 625 419 686; x_wconf 88' lang='lat' dir='ltr'><strong>missi</strong></span> <span class='ocrx_word' id='word_1_31' title='bbox 439 625 480 686; x_wconf 82' lang='lat' dir='ltr'><strong>ed</strong></span> <span class='ocrx_word' id='word_1_32' title='bbox 500 627 723 707; x_wconf 88' lang='lat' dir='ltr'><strong>deposcendum</strong></span> <span class='ocrx_word' id='word_1_33' title='bbox 743 627 935 690; x_wconf 83' lang='lat' dir='ltr'><strong>Demetrium</strong></span> <span class='ocrx_word' id='word_1_34' title='bbox 954 628 1114 704; x_wconf 82' lang='lat' dir='ltr'><strong>Pharium,</strong></span> 
     </span>
     <span class='ocr_line' id='line_1_6' title="bbox 214 705 1169 790; baseline 0.01 -25"><span class='ocrx_word' id='word_1_35' title='bbox 214 707 265 786; x_wconf 93' lang='lat' dir='ltr'><strong>qui</strong></span> <span class='ocrx_word' id='word_1_36' title='bbox 279 705 361 767; x_wconf 91' lang='lat' dir='ltr'><strong>bello</strong></span> <span class='ocrx_word' id='word_1_37' title='bbox 374 706 475 768; x_wconf 87' lang='lat' dir='ltr'><strong>victus</strong></span> <span class='ocrx_word' id='word_1_38' title='bbox 488 706 529 767; x_wconf 82' lang='lat' dir='ltr'><strong>ed</strong></span> <span class='ocrx_word' id='word_1_39' title='bbox 542 727 612 768; x_wconf 88' lang='lat' dir='ltr'><strong>eum</strong></span> <span class='ocrx_word' id='word_1_40' title='bbox 625 707 760 787; x_wconf 78' lang='lat' dir='ltr'><strong>fugisset,</strong></span> <span class='ocrx_word' id='word_1_41' title='bbox 771 717 802 770; x_wconf 89' lang='lat' dir='ltr'><strong>et</strong></span> <span class='ocrx_word' id='word_1_42' title='bbox 815 709 871 769; x_wconf 82' lang='lat' dir='ltr'><strong>olii</strong></span> <span class='ocrx_word' id='word_1_43' title='bbox 884 708 917 769; x_wconf 93' lang='lat' dir='ltr'><strong>in</strong></span> <span class='ocrx_word' id='word_1_44' title='bbox 931 709 1061 790; x_wconf 62' lang='lat' dir='ltr'><strong>Ligure</strong></span> <span class='ocrx_word' id='word_1_45' title='bbox 1073 711 1115 772; x_wconf 78' lang='lat' dir='ltr'><strong>ed</strong></span> <span class='ocrx_word' id='word_1_46' title='bbox 1148 715 1169 775; x_wconf 80' lang='grc' dir='ltr'><strong>ὅ</strong></span> 
     </span>
     <span class='ocr_line' id='line_1_7' title="bbox 213 785 1115 870; baseline 0.008 -24"><span class='ocrx_word' id='word_1_47' title='bbox 213 785 480 866; x_wconf 78' lang='lat' dir='ltr'><strong>expostulandum,</strong></span> <span class='ocrx_word' id='word_1_48' title='bbox 489 787 571 867; x_wconf 90' lang='lat' dir='ltr'><strong>quod</strong></span> <span class='ocrx_word' id='word_1_49' title='bbox 581 787 718 849; x_wconf 92' lang='lat' dir='ltr'><strong>Poenum</strong></span> <span class='ocrx_word' id='word_1_50' title='bbox 732 787 841 867; x_wconf 87' lang='lat' dir='ltr'><strong>opibus</strong></span> <span class='ocrx_word' id='word_1_51' title='bbox 854 788 1040 870; x_wconf 75' lang='lat' dir='ltr'><strong>auxiliisque</strong></span> <span class='ocrx_word' id='word_1_52' title='bbox 1051 792 1115 853; x_wconf 85' lang='lat' dir='ltr'><strong>suis</strong></span> 
     </span>
     <span class='ocr_line' id='line_1_8' title="bbox 214 866 1116 950; baseline 0.008 -24"><span class='ocrx_word' id='word_1_53' title='bbox 214 866 374 944; x_wconf 87' lang='lat' dir='ltr'><strong>juvissent,</strong></span> <span class='ocrx_word' id='word_1_54' title='bbox 387 866 480 927; x_wconf 93' lang='lat' dir='ltr'><strong>simul</strong></span> <span class='ocrx_word' id='word_1_55' title='bbox 493 867 534 928; x_wconf 81' lang='lat' dir='ltr'><strong>od</strong></span> <span class='ocrx_word' id='word_1_56' title='bbox 547 867 707 930; x_wconf 87' lang='lat' dir='ltr'><strong>visendum</strong></span> <span class='ocrx_word' id='word_1_57' title='bbox 728 887 768 928; x_wconf 88' lang='lat' dir='ltr'><strong>ex</strong></span> <span class='ocrx_word' id='word_1_58' title='bbox 787 887 844 948; x_wconf 92' lang='lat' dir='ltr'><strong>pro</strong></span> <span class='ocrx_word' id='word_1_59' title='bbox 866 869 899 930; x_wconf 89' lang='lat' dir='ltr'><strong>in</strong></span> <span class='ocrx_word' id='word_1_60' title='bbox 922 889 970 944; x_wconf 90' lang='lat' dir='ltr'><strong>no,</strong></span> <span class='ocrx_word' id='word_1_61' title='bbox 983 891 1062 950; x_wconf 82' lang='lat' dir='ltr'><strong>quoe</strong></span> <span class='ocrx_word' id='word_1_62' title='bbox 1082 871 1116 932; x_wconf 91' lang='lat' dir='ltr'><strong>in</strong></span> 
     </span>
     <span class='ocr_line' id='line_1_9' title="bbox 213 889 1117 1031; baseline 0.009 -25"><span class='ocrx_word' id='word_1_63' title='bbox 213 945 285 1007; x_wconf 90' lang='lat' dir='ltr'><strong>Bois</strong></span> <span class='ocrx_word' id='word_1_64' title='bbox 299 955 393 1025; x_wconf 77' lang='lat' dir='ltr'><strong>etque</strong></span> <span class='ocrx_word' id='word_1_65' title='bbox 407 946 587 1008; x_wconf 83' lang='lat' dir='ltr'><strong>Insubribus</strong></span> <span class='ocrx_word' id='word_1_66' title='bbox 606 956 792 1028; x_wconf 83' lang='lat' dir='ltr'><strong>gererentur.</strong></span> <span class='ocrx_word' id='word_1_67' title='bbox 866 948 886 1008; x_wconf 95' lang='lat' dir='ltr'><strong>d</strong></span> <span class='ocrx_word' id='word_1_68' title='bbox 899 889 1032 1012; x_wconf 57' lang='lat' dir='ltr'><strong>lineum</strong></span> <span class='ocrx_word' id='word_1_69' title='bbox 1044 972 1117 1031; x_wconf 93' lang='lat' dir='ltr'><strong>quo·</strong></span> 
     </span>
     <span class='ocr_line' id='line_1_10' title="bbox 212 1027 1114 1111; baseline 0.006 -24"><span class='ocrx_word' id='word_1_70' title='bbox 212 1048 273 1107; x_wconf 90' lang='lat' dir='ltr'><strong>que</strong></span> <span class='ocrx_word' id='word_1_71' title='bbox 299 1047 401 1106; x_wconf 86' lang='lat' dir='ltr'><strong>regem</strong></span> <span class='ocrx_word' id='word_1_72' title='bbox 421 1027 455 1088; x_wconf 90' lang='lat' dir='ltr'><strong>in</strong></span> <span class='ocrx_word' id='word_1_73' title='bbox 475 1027 600 1108; x_wconf 87' lang='lat' dir='ltr'><strong>Illyrios</strong></span> <span class='ocrx_word' id='word_1_74' title='bbox 627 1027 721 1108; x_wconf 75' lang='lat' dir='ltr'><strong>legati</strong></span> <span class='ocrx_word' id='word_1_75' title='bbox 740 1028 826 1091; x_wconf 86' lang='lat' dir='ltr'><strong>missi</strong></span> <span class='ocrx_word' id='word_1_76' title='bbox 851 1029 894 1090; x_wconf 79' lang='lat' dir='ltr'><strong>nd</strong></span> <span class='ocrx_word' id='word_1_77' title='bbox 918 1029 1114 1111; x_wconf 85' lang='lat' dir='ltr'><strong>stipendium,</strong></span> 
     </span>
     <span class='ocr_line' id='line_1_11' title="bbox 213 1107 1171 1201; baseline 0.009 -33"><span class='ocrx_word' id='word_1_78' title='bbox 213 1110 299 1187; x_wconf 90' lang='lat' dir='ltr'><strong>cujus</strong></span> <span class='ocrx_word' id='word_1_79' title='bbox 319 1107 384 1168; x_wconf 89' lang='lat' dir='ltr'><strong>dies</strong></span> <span class='ocrx_word' id='word_1_80' title='bbox 404 1107 530 1182; x_wconf 81' lang='lat' dir='ltr'><strong>exierat,</strong></span> <span class='ocrx_word' id='word_1_81' title='bbox 549 1108 746 1201; x_wconf 89' lang='lat' dir='ltr'><strong>poscendum,</strong></span> <span class='ocrx_word' id='word_1_82' title='bbox 760 1118 825 1186; x_wconf 77' lang='lat' dir='ltr'><strong>out,</strong></span> <span class='ocrx_word' id='word_1_83' title='bbox 838 1111 864 1172; x_wconf 91' lang='lat' dir='ltr'><strong>si</strong></span> <span class='ocrx_word' id='word_1_84' title='bbox 884 1110 965 1172; x_wconf 90' lang='lat' dir='ltr'><strong>diem</strong></span> <span class='ocrx_word' id='word_1_85' title='bbox 985 1111 1115 1192; x_wconf 87' lang='lat' dir='ltr'><strong>proferri</strong></span> <span class='ocrx_word' id='word_1_86' title='bbox 1130 1117 1171 1179; x_wconf 87' lang='grc'><strong>10</strong></span> 
     </span>
     <span class='ocr_line' id='line_1_12' title="bbox 213 1187 1116 1272; baseline 0.008 -25"><span class='ocrx_word' id='word_1_87' title='bbox 213 1187 315 1260; x_wconf 88' lang='lat' dir='ltr'><strong>vellet,</strong></span> <span class='ocrx_word' id='word_1_88' title='bbox 327 1187 446 1250; x_wconf 89' lang='lat' dir='ltr'><strong>obsides</strong></span> <span class='ocrx_word' id='word_1_89' title='bbox 458 1188 660 1268; x_wconf 74' lang='lat' dir='ltr'><strong>accipiendos.</strong></span> <span class='ocrx_word' id='word_1_90' title='bbox 701 1188 799 1265; x_wconf 86' lang='lat' dir='ltr'><strong>Adeo,</strong></span> <span class='ocrx_word' id='word_1_91' title='bbox 810 1190 866 1252; x_wconf 86' lang='lat' dir='ltr'><strong>etsi</strong></span> <span class='ocrx_word' id='word_1_92' title='bbox 879 1189 994 1250; x_wconf 90' lang='lat' dir='ltr'><strong>bellum</strong></span> <span class='ocrx_word' id='word_1_93' title='bbox 1008 1191 1116 1272; x_wconf 85' lang='lat' dir='ltr'><strong>ingens</strong></span> 
     </span>
     <span class='ocr_line' id='line_1_13' title="bbox 213 1266 1117 1348; baseline 0.007 -20"><span class='ocrx_word' id='word_1_94' title='bbox 213 1269 245 1328; x_wconf 91' lang='lat' dir='ltr'><strong>in</strong></span> <span class='ocrx_word' id='word_1_95' title='bbox 259 1266 431 1330; x_wconf 87' lang='lat' dir='ltr'><strong>cervicibus</strong></span> <span class='ocrx_word' id='word_1_96' title='bbox 443 1277 518 1344; x_wconf 71' lang='lat' dir='ltr'><strong>erat,</strong></span> <span class='ocrx_word' id='word_1_97' title='bbox 533 1269 649 1330; x_wconf 87' lang='lat' dir='ltr'><strong>nullius</strong></span> <span class='ocrx_word' id='word_1_98' title='bbox 662 1289 791 1348; x_wconf 81' lang='lat' dir='ltr'><strong>usquam</strong></span> <span class='ocrx_word' id='word_1_99' title='bbox 805 1279 956 1330; x_wconf 77' lang='lat' dir='ltr'><strong>terrerum</strong></span> <span class='ocrx_word' id='word_1_100' title='bbox 977 1271 1021 1332; x_wconf 88' lang='lat' dir='ltr'><strong>rei</strong></span> <span class='ocrx_word' id='word_1_101' title='bbox 1041 1293 1117 1334; x_wconf 83' lang='lat' dir='ltr'><strong>curn</strong></span> 
     </span>
     <span class='ocr_line' id='line_1_14' title="bbox 212 1349 1117 1430; baseline 0.004 -20"><span class='ocrx_word' id='word_1_102' title='bbox 212 1349 376 1422; x_wconf 83' lang='lat' dir='ltr'><strong>Romanos,</strong></span> <span class='ocrx_word' id='word_1_103' title='bbox 391 1368 430 1409; x_wconf 92' lang='lat' dir='ltr'><strong>ne</strong></span> <span class='ocrx_word' id='word_1_104' title='bbox 449 1349 635 1430; x_wconf 74' lang='lat' dir='ltr'><strong>longinquae</strong></span> <span class='ocrx_word' id='word_1_105' title='bbox 655 1349 787 1430; x_wconf 90' lang='lat' dir='ltr'><strong>quidem,</strong></span> <span class='ocrx_word' id='word_1_106' title='bbox 801 1349 859 1410; x_wconf 80' lang='lat' dir='ltr'><strong>effu</strong></span> <span class='ocrx_word' id='word_1_107' title='bbox 884 1349 972 1412; x_wconf 75' lang='lat' dir='ltr'><strong>&#39;ebat</strong></span> <span class='ocrx_word' id='word_1_108' title='bbox 1013 1351 1054 1413; x_wconf 90' lang='lat' dir='ltr'><strong>Iu</strong></span> <span class='ocrx_word' id='word_1_109' title='bbox 1072 1373 1117 1414; x_wconf 90' lang='lat' dir='ltr'><strong>re-</strong></span> 
     </span>
     <span class='ocr_line' id='line_1_15' title="bbox 212 1428 1117 1512; baseline 0.003 -23"><span class='ocrx_word' id='word_1_110' title='bbox 212 1429 358 1508; x_wconf 89' lang='lat' dir='ltr'><strong>ligionem</strong></span> <span class='ocrx_word' id='word_1_111' title='bbox 378 1429 471 1490; x_wconf 82' lang='lat' dir='ltr'><strong>etiam</strong></span> <span class='ocrx_word' id='word_1_112' title='bbox 490 1430 585 1503; x_wconf 84' lang='lat' dir='ltr'><strong>venit,</strong></span> <span class='ocrx_word' id='word_1_113' title='bbox 606 1429 712 1490; x_wconf 81' lang='lat' dir='ltr'><strong>nedem</strong></span> <span class='ocrx_word' id='word_1_114' title='bbox 732 1428 851 1490; x_wconf 80' lang='lat' dir='ltr'><strong>Concor</strong></span> <span class='ocrx_word' id='word_1_115' title='bbox 874 1430 929 1502; x_wconf 77' lang='lat' dir='ltr'><strong>ine,</strong></span> <span class='ocrx_word' id='word_1_116' title='bbox 950 1451 1042 1509; x_wconf 82' lang='lat' dir='ltr'><strong>quom</strong></span> <span class='ocrx_word' id='word_1_117' title='bbox 1063 1452 1117 1512; x_wconf 91' lang='lat' dir='ltr'><strong>per</strong></span> 
     </span>
     <span class='ocr_line' id='line_1_16' title="bbox 211 1507 1171 1589; baseline 0.002 -19"><span class='ocrx_word' id='word_1_118' title='bbox 211 1509 392 1570; x_wconf 83' lang='lat' dir='ltr'><strong>seditionem</strong></span> <span class='ocrx_word' id='word_1_119' title='bbox 405 1509 570 1573; x_wconf 70' lang='lat' dir='ltr'><strong>militarem</strong></span> <span class='ocrx_word' id='word_1_120' title='bbox 581 1509 704 1570; x_wconf 88' lang='lat' dir='ltr'><strong>biennio</strong></span> <span class='ocrx_word' id='word_1_121' title='bbox 717 1517 789 1569; x_wconf 82' lang='lat' dir='ltr'><strong>ante</strong></span> <span class='ocrx_word' id='word_1_122' title='bbox 799 1507 836 1570; x_wconf 76' lang='lat' dir='ltr'>L</span> <span class='ocrx_word' id='word_1_123' title='bbox 848 1507 985 1570; x_wconf 74' lang='lat' dir='ltr'><strong>Manlius</strong></span> <span class='ocrx_word' id='word_1_124' title='bbox 994 1521 1117 1589; x_wconf 77' lang='lat' dir='ltr'><strong>praetor</strong></span> <span class='ocrx_word' id='word_1_125' title='bbox 1132 1519 1171 1580; x_wconf 79' lang='lat'><strong>15</strong></span> 
     </span>
     <span class='ocr_line' id='line_1_17' title="bbox 213 1587 1114 1668; baseline 0.003 -18"><span class='ocrx_word' id='word_1_126' title='bbox 213 1591 245 1650; x_wconf 93' lang='lat' dir='ltr'><strong>in</strong></span> <span class='ocrx_word' id='word_1_127' title='bbox 265 1589 374 1652; x_wconf 77' lang='lat' dir='ltr'><strong>Gallie</strong></span> <span class='ocrx_word' id='word_1_128' title='bbox 386 1589 527 1664; x_wconf 84' lang='lat' dir='ltr'><strong>vovisset,</strong></span> <span class='ocrx_word' id='word_1_129' title='bbox 542 1590 675 1650; x_wconf 77' lang='lat' dir='ltr'><strong>locatam</strong></span> <span class='ocrx_word' id='word_1_130' title='bbox 698 1587 739 1650; x_wconf 83' lang='lat' dir='ltr'><strong>ad</strong></span> <span class='ocrx_word' id='word_1_131' title='bbox 763 1588 797 1649; x_wconf 91' lang='lat' dir='ltr'><strong>id</strong></span> <span class='ocrx_word' id='word_1_132' title='bbox 821 1597 941 1668; x_wconf 83' lang='lat' dir='ltr'><strong>tempus</strong></span> <span class='ocrx_word' id='word_1_133' title='bbox 961 1610 1023 1651; x_wconf 90' lang='lat' dir='ltr'><strong>non</strong></span> <span class='ocrx_word' id='word_1_134' title='bbox 1043 1611 1114 1653; x_wconf 90' lang='lat' dir='ltr'><strong>esse.</strong></span> 
     </span>
     <span class='ocr_line' id='line_1_18' title="bbox 213 1667 1117 1750; baseline 0.002 -20"><span class='ocrx_word' id='word_1_135' title='bbox 213 1670 324 1750; x_wconf 85' lang='lat' dir='ltr'><strong>Itaque</strong></span> <span class='ocrx_word' id='word_1_136' title='bbox 347 1669 504 1732; x_wconf 82' lang='lat' dir='ltr'><strong>duumviri</strong></span> <span class='ocrx_word' id='word_1_137' title='bbox 529 1670 568 1732; x_wconf 79' lang='lat' dir='ltr'><strong>od</strong></span> <span class='ocrx_word' id='word_1_138' title='bbox 594 1689 662 1731; x_wconf 81' lang='lat' dir='ltr'><strong>enm</strong></span> <span class='ocrx_word' id='word_1_139' title='bbox 681 1688 746 1729; x_wconf 91' lang='lat' dir='ltr'><strong>rem</strong></span> <span class='ocrx_word' id='word_1_140' title='bbox 767 1667 861 1730; x_wconf 82' lang='lat' dir='ltr'><strong>creati</strong></span> <span class='ocrx_word' id='word_1_141' title='bbox 882 1689 902 1729; x_wconf 83' lang='lat' dir='ltr'><strong>o</strong></span> <span class='ocrx_word' id='word_1_142' title='bbox 922 1667 966 1730; x_wconf 88' lang='lat' dir='ltr'><strong>M.</strong></span> <span class='ocrx_word' id='word_1_143' title='bbox 981 1670 1117 1733; x_wconf 83' lang='lat' dir='ltr'><strong>Aemilio</strong></span> 
     </span>
     <span class='ocr_line' id='line_1_19' title="bbox 212 1747 1117 1830; baseline 0.006 -21"><span class='ocrx_word' id='word_1_144' title='bbox 212 1759 353 1830; x_wconf 81' lang='lat' dir='ltr'><strong>praetore</strong></span> <span class='ocrx_word' id='word_1_145' title='bbox 367 1749 494 1826; x_wconf 81' lang='lat' dir='ltr'><strong>urbano,</strong></span> <span class='ocrx_word' id='word_1_146' title='bbox 509 1749 543 1810; x_wconf 83' lang='lat'><strong>0.</strong></span> <span class='ocrx_word' id='word_1_147' title='bbox 557 1749 675 1829; x_wconf 87' lang='lat' dir='ltr'><strong>Pupius</strong></span> <span class='ocrx_word' id='word_1_148' title='bbox 694 1758 726 1809; x_wconf 90' lang='lat' dir='ltr'><strong>et</strong></span> <span class='ocrx_word' id='word_1_149' title='bbox 746 1747 840 1810; x_wconf 75' lang='lat' dir='ltr'><strong>Caeso</strong></span> <span class='ocrx_word' id='word_1_150' title='bbox 861 1747 1027 1826; x_wconf 78' lang='lat' dir='ltr'><strong>Quinctius</strong></span> <span class='ocrx_word' id='word_1_151' title='bbox 1043 1752 1117 1814; x_wconf 83' lang='lat' dir='ltr'><strong>Flo·</strong></span> 
     </span>
     <span class='ocr_line' id='line_1_20' title="bbox 212 1827 997 1903; baseline 0.001 -13"><span class='ocrx_word' id='word_1_152' title='bbox 212 1831 359 1903; x_wconf 90' lang='lat' dir='ltr'><strong>mininus‚</strong></span> <span class='ocrx_word' id='word_1_153' title='bbox 372 1830 478 1892; x_wconf 82' lang='lat' dir='ltr'><strong>oedem</strong></span> <span class='ocrx_word' id='word_1_154' title='bbox 492 1829 525 1889; x_wconf 90' lang='lat' dir='ltr'><strong>in</strong></span> <span class='ocrx_word' id='word_1_155' title='bbox 539 1850 608 1890; x_wconf 83' lang='lat' dir='ltr'><strong>aree</strong></span> <span class='ocrx_word' id='word_1_156' title='bbox 622 1828 795 1890; x_wconf 76' lang='lat' dir='ltr'><strong>faciendam</strong></span> <span class='ocrx_word' id='word_1_157' title='bbox 808 1827 997 1892; x_wconf 80' lang='lat' dir='ltr'><strong>locaverunt</strong></span> 
     </span>
    </p>

    <p class='ocr_par' dir='ltr' id='par_1_4' title="bbox 209 1909 1171 2935">
     <span class='ocr_line' id='line_1_21' title="bbox 252 1909 1171 1989; baseline 0.002 -17"><span class='ocrx_word' id='word_1_158' title='bbox 252 1910 306 1972; x_wconf 88' lang='lat' dir='ltr'><strong>Ab</strong></span> <span class='ocrx_word' id='word_1_159' title='bbox 321 1910 426 1972; x_wconf 90' lang='lat' dir='ltr'><strong>eodem</strong></span> <span class='ocrx_word' id='word_1_160' title='bbox 440 1919 578 1989; x_wconf 82' lang='lat' dir='ltr'><strong>praetore</strong></span> <span class='ocrx_word' id='word_1_161' title='bbox 591 1929 631 1969; x_wconf 88' lang='lat' dir='ltr'><strong>ex</strong></span> <span class='ocrx_word' id='word_1_162' title='bbox 644 1917 766 1969; x_wconf 78' lang='lat' dir='ltr'><strong>senatus</strong></span> <span class='ocrx_word' id='word_1_163' title='bbox 780 1909 918 1971; x_wconf 88' lang='lat' dir='ltr'><strong>consulto</strong></span> <span class='ocrx_word' id='word_1_164' title='bbox 932 1909 1054 1973; x_wconf 75' lang='lat' dir='ltr'><strong>litterae</strong></span> <span class='ocrx_word' id='word_1_165' title='bbox 1073 1913 1115 1974; x_wconf 81' lang='lat' dir='ltr'><strong>ad</strong></span> <span class='ocrx_word' id='word_1_166' title='bbox 1130 1918 1171 1982; x_wconf 83' lang='lat'><strong>20</strong></span> 
     </span>
     <span class='ocr_line' id='line_1_22' title="bbox 212 1987 1115 2064; baseline 0.001 -12"><span class='ocrx_word' id='word_1_167' title='bbox 212 1990 351 2052; x_wconf 90' lang='lat' dir='ltr'><strong>consules</strong></span> <span class='ocrx_word' id='word_1_168' title='bbox 372 1989 489 2062; x_wconf 74' lang='lat' dir='ltr'><strong>missae,</strong></span> <span class='ocrx_word' id='word_1_169' title='bbox 503 1988 586 2062; x_wconf 88' lang='lat' dir='ltr'><strong>ut,si</strong></span> <span class='ocrx_word' id='word_1_170' title='bbox 607 1989 644 2049; x_wconf 91' lang='lat' dir='ltr'><strong>iis</strong></span> <span class='ocrx_word' id='word_1_171' title='bbox 664 1987 828 2064; x_wconf 85' lang='lat' dir='ltr'><strong>videretur,</strong></span> <span class='ocrx_word' id='word_1_172' title='bbox 850 1990 929 2051; x_wconf 83' lang='lat' dir='ltr'><strong>alter</strong></span> <span class='ocrx_word' id='word_1_173' title='bbox 949 2011 1054 2053; x_wconf 87' lang='lat' dir='ltr'><strong>eornm</strong></span> <span class='ocrx_word' id='word_1_174' title='bbox 1073 1993 1115 2053; x_wconf 83' lang='lat' dir='ltr'><strong>ad</strong></span> 
     </span>
     <span class='ocr_line' id='line_1_23' title="bbox 212 2067 1116 2163; baseline -0.001 -30"><span class='ocrx_word' id='word_1_175' title='bbox 212 2071 351 2133; x_wconf 88' lang='lat' dir='ltr'><strong>consules</strong></span> <span class='ocrx_word' id='word_1_176' title='bbox 366 2069 516 2163; x_wconf 71' lang='lat' dir='ltr'><strong>&#39;creandos</strong></span> <span class='ocrx_word' id='word_1_177' title='bbox 539 2067 820 2163; x_wconf 58' lang='lat' dir='ltr'><strong>Romomyeniren</strong></span> <span class='ocrx_word' id='word_1_178' title='bbox 839 2089 872 2130; x_wconf 91' lang='lat' dir='ltr'><strong>se</strong></span> <span class='ocrx_word' id='word_1_179' title='bbox 892 2071 926 2131; x_wconf 90' lang='lat' dir='ltr'><strong>in</strong></span> <span class='ocrx_word' id='word_1_180' title='bbox 945 2091 1014 2132; x_wconf 83' lang='lat' dir='ltr'><strong>eam</strong></span> <span class='ocrx_word' id='word_1_181' title='bbox 1033 2071 1116 2133; x_wconf 91' lang='lat' dir='ltr'><strong>diem</strong></span> 
     </span>
     <span class='ocr_line' id='line_1_24' title="bbox 211 2149 1115 2311; baseline 0.002 -19"><span class='ocrx_word' id='word_1_182' title='bbox 211 2149 1115 2311; x_wconf 40' lang='lat' dir='ltr'><strong>sbti”titillatlltitttbntllttttt</strong></span> 
     </span>
     <span class='ocr_line' id='line_1_25' title="bbox 211 2309 1170 2392; baseline 0 -19"><span class='ocrx_word' id='word_1_183' title='bbox 211 2311 336 2373; x_wconf 84' lang='lat' dir='ltr'><strong>abscedi</strong></span> <span class='ocrx_word' id='word_1_184' title='bbox 356 2330 418 2370; x_wconf 92' lang='lat' dir='ltr'><strong>non</strong></span> <span class='ocrx_word' id='word_1_185' title='bbox 437 2329 523 2389; x_wconf 90' lang='lat' dir='ltr'><strong>posse</strong></span> <span class='ocrx_word' id='word_1_186' title='bbox 542 2309 583 2371; x_wconf 82' lang='lat' dir='ltr'><strong>ab</strong></span> <span class='ocrx_word' id='word_1_187' title='bbox 603 2309 707 2384; x_wconf 88' lang='lat' dir='ltr'><strong>hoste;</strong></span> <span class='ocrx_word' id='word_1_188' title='bbox 734 2309 839 2389; x_wconf 86' lang='lat' dir='ltr'><strong>itaque</strong></span> <span class='ocrx_word' id='word_1_189' title='bbox 858 2330 914 2389; x_wconf 90' lang='lat' dir='ltr'><strong>per</strong></span> <span class='ocrx_word' id='word_1_190' title='bbox 933 2311 1116 2392; x_wconf 84' lang='lat' dir='ltr'><strong>interregem</strong></span> <span class='ocrx_word' id='word_1_191' title='bbox 1130 2319 1170 2380; x_wconf 81' lang='lat'><strong>25</strong></span> 
     </span>
     <span class='ocr_line' id='line_1_26' title="bbox 211 2389 1116 2469; baseline 0.002 -18"><span class='ocrx_word' id='word_1_192' title='bbox 211 2391 337 2451; x_wconf 80' lang='lat' dir='ltr'><strong>comitia</strong></span> <span class='ocrx_word' id='word_1_193' title='bbox 348 2389 490 2451; x_wconf 77' lang='lat' dir='ltr'><strong>habenda</strong></span> <span class='ocrx_word' id='word_1_194' title='bbox 500 2410 562 2450; x_wconf 87' lang='lat' dir='ltr'><strong>esse</strong></span> <span class='ocrx_word' id='word_1_195' title='bbox 575 2389 779 2469; x_wconf 82' lang='lat' dir='ltr'><strong>potiusquam</strong></span> <span class='ocrx_word' id='word_1_196' title='bbox 788 2389 895 2450; x_wconf 90' lang='lat' dir='ltr'><strong>consul</strong></span> <span class='ocrx_word' id='word_1_197' title='bbox 907 2389 988 2450; x_wconf 79' lang='lat' dir='ltr'><strong>ulter</strong></span> <span class='ocrx_word' id='word_1_198' title='bbox 1000 2412 1020 2451; x_wconf 82' lang='lat' dir='ltr'>a</span> <span class='ocrx_word' id='word_1_199' title='bbox 1033 2391 1116 2453; x_wconf 91' lang='lat' dir='ltr'><strong>bello</strong></span> 
     </span>
     <span class='ocr_line' id='line_1_27' title="bbox 210 2468 1117 2535; baseline 0.003 -3"><span class='ocrx_word' id='word_1_200' title='bbox 210 2470 412 2532; x_wconf 76' lang='lat' dir='ltr'><strong>evocaretur.²</strong></span> <span class='ocrx_word' id='word_1_201' title='bbox 453 2468 597 2532; x_wconf 87' lang='lat' dir='ltr'><strong>Patribus</strong></span> <span class='ocrx_word' id='word_1_202' title='bbox 610 2469 722 2530; x_wconf 86' lang='lat' dir='ltr'><strong>rectius</strong></span> <span class='ocrx_word' id='word_1_203' title='bbox 731 2470 831 2533; x_wconf 85' lang='lat' dir='ltr'><strong>visum</strong></span> <span class='ocrx_word' id='word_1_204' title='bbox 845 2478 891 2530; x_wconf 91' lang='lat' dir='ltr'><strong>est</strong></span> <span class='ocrx_word' id='word_1_205' title='bbox 902 2469 1083 2532; x_wconf 83' lang='lat' dir='ltr'><strong>dictatorem</strong></span> <span class='ocrx_word' id='word_1_206' title='bbox 1096 2493 1117 2535; x_wconf 80' lang='lat' dir='ltr'><strong>a</strong></span> 
     </span>
     <span class='ocr_line' id='line_1_28' title="bbox 211 2548 1116 2614; baseline 0.001 -2"><span class='ocrx_word' id='word_1_207' title='bbox 211 2550 336 2612; x_wconf 87' lang='lat' dir='ltr'><strong>consule</strong></span> <span class='ocrx_word' id='word_1_208' title='bbox 350 2549 412 2611; x_wconf 87' lang='lat' dir='ltr'><strong>dici</strong></span> <span class='ocrx_word' id='word_1_209' title='bbox 426 2550 619 2612; x_wconf 88' lang='lat' dir='ltr'><strong>comitiorum</strong></span> <span class='ocrx_word' id='word_1_210' title='bbox 633 2548 842 2611; x_wconf 82' lang='lat' dir='ltr'><strong>habendorum</strong></span> <span class='ocrx_word' id='word_1_211' title='bbox 862 2569 964 2612; x_wconf 79' lang='lat' dir='ltr'><strong>cause.</strong></span> <span class='ocrx_word' id='word_1_212' title='bbox 1005 2551 1116 2614; x_wconf 84' lang='lat' dir='ltr'><strong>Dictus</strong></span> 
     </span>
     <span class='ocr_line' id='line_1_29' title="bbox 210 2628 1115 2709; baseline 0.003 -17"><span class='ocrx_word' id='word_1_213' title='bbox 210 2631 248 2692; x_wconf 81' lang='lat' dir='ltr'>L</span> <span class='ocrx_word' id='word_1_214' title='bbox 269 2631 419 2694; x_wconf 89' lang='lat' dir='ltr'><strong>Veturius</strong></span> <span class='ocrx_word' id='word_1_215' title='bbox 439 2629 531 2692; x_wconf 92' lang='lat' dir='ltr'><strong>Philo</strong></span> <span class='ocrx_word' id='word_1_216' title='bbox 550 2629 605 2691; x_wconf 72' lang='lat' dir='ltr'><strong>M!</strong></span> <span class='ocrx_word' id='word_1_217' title='bbox 626 2628 830 2709; x_wconf 92' lang='lat' dir='ltr'><strong>Pomponium</strong></span> <span class='ocrx_word' id='word_1_218' title='bbox 851 2629 1032 2693; x_wconf 81' lang='lat' dir='ltr'><strong>Mathonem</strong></span> <span class='ocrx_word' id='word_1_219' title='bbox 1052 2653 1115 2695; x_wconf 83' lang='lat' dir='ltr'><strong>mo·</strong></span> 
     </span>
     <span class='ocr_line' id='line_1_30' title="bbox 209 2708 1170 2793; baseline 0.001 -20"><span class='ocrx_word' id='word_1_220' title='bbox 209 2713 342 2792; x_wconf 84' lang='lat' dir='ltr'><strong>gistrum</strong></span> <span class='ocrx_word' id='word_1_221' title='bbox 355 2709 492 2792; x_wconf 91' lang='lat' dir='ltr'><strong>equitum</strong></span> <span class='ocrx_word' id='word_1_222' title='bbox 505 2711 596 2771; x_wconf 82' lang='lat' dir='ltr'><strong>dixit</strong></span> <span class='ocrx_word' id='word_1_223' title='bbox 637 2709 681 2772; x_wconf 91' lang='lat' dir='ltr'><strong>Iis</strong></span> <span class='ocrx_word' id='word_1_224' title='bbox 691 2709 769 2773; x_wconf 84' lang='lat' dir='ltr'><strong>vitio</strong></span> <span class='ocrx_word' id='word_1_225' title='bbox 782 2708 892 2772; x_wconf 82' lang='lat' dir='ltr'><strong>creatis</strong></span> <span class='ocrx_word' id='word_1_226' title='bbox 901 2711 1053 2793; x_wconf 88' lang='lat' dir='ltr'><strong>jussisque</strong></span> <span class='ocrx_word' id='word_1_227' title='bbox 1065 2713 1116 2774; x_wconf 91' lang='lat' dir='ltr'><strong>die</strong></span> <span class='ocrx_word' id='word_1_228' title='bbox 1129 2719 1170 2782; x_wconf 85' lang='lat'><strong>30</strong></span> 
     </span>
     <span class='ocr_line' id='line_1_31' title="bbox 210 2789 1116 2874; baseline -0.004 -17"><span class='ocrx_word' id='word_1_229' title='bbox 210 2801 322 2873; x_wconf 80' lang='lat' dir='ltr'><strong>quarto</strong></span> <span class='ocrx_word' id='word_1_230' title='bbox 331 2792 449 2856; x_wconf 87' lang='lat' dir='ltr'><strong>decimo</strong></span> <span class='ocrx_word' id='word_1_231' title='bbox 457 2811 490 2852; x_wconf 90' lang='lat' dir='ltr'><strong>se</strong></span> <span class='ocrx_word' id='word_1_232' title='bbox 499 2790 681 2872; x_wconf 78' lang='lat' dir='ltr'><strong>magistratu</strong></span> <span class='ocrx_word' id='word_1_233' title='bbox 690 2789 843 2866; x_wconf 78' lang='lat' dir='ltr'><strong>abdicare,</strong></span> <span class='ocrx_word' id='word_1_234' title='bbox 851 2790 893 2852; x_wconf 83' lang='lat' dir='ltr'><strong>ad</strong></span> <span class='ocrx_word' id='word_1_235' title='bbox 906 2791 1116 2874; x_wconf 84' lang='lat' dir='ltr'><strong>interregnum</strong></span> 
     </span>
     <span class='ocr_line' id='line_1_32' title="bbox 210 2873 372 2935; baseline 0 -1"><span class='ocrx_word' id='word_1_236' title='bbox 210 2893 257 2934; x_wconf 85' lang='lat' dir='ltr'><strong>res</strong></span> <span class='ocrx_word' id='word_1_237' title='bbox 271 2873 372 2935; x_wconf 87' lang='lat' dir='ltr'><strong>rediit</strong></span> 
     </span>
    </p>

    <p class='ocr_par' dir='ltr' id='par_1_5' title="bbox 208 2950 1202 3519">
     <span class='ocr_line' id='line_1_33' title="bbox 250 2950 1202 3046; baseline 0.001 -32"><span class='ocrx_word' id='word_1_238' title='bbox 250 2951 415 3014; x_wconf 89' lang='lat' dir='ltr'>XXXIV.</span> <span class='ocrx_word' id='word_1_239' title='bbox 456 2950 639 3014; x_wconf 79' lang='lat' dir='ltr'><strong>Consulibus</strong></span> <span class='ocrx_word' id='word_1_240' title='bbox 651 2959 849 3046; x_wconf 77' lang='lat' dir='ltr'><strong>prorogatum</strong></span> <span class='ocrx_word' id='word_1_241' title='bbox 869 2951 903 3014; x_wconf 91' lang='lat' dir='ltr'><strong>in</strong></span> <span class='ocrx_word' id='word_1_242' title='bbox 922 2973 1039 3015; x_wconf 76' lang='lat' dir='ltr'><strong>annum</strong></span> <span class='ocrx_word' id='word_1_243' title='bbox 1059 2953 1115 3015; x_wconf 93' lang='lat' dir='ltr'><strong>im·</strong></span> <span class='ocrx_word' id='word_1_244' title='bbox 1200 3020 1202 3025; x_wconf 64' lang='grc'><strong>,</strong></span> 
     </span>
     <span class='ocr_line' id='line_1_34' title="bbox 211 3030 1116 3172; baseline 0.004 -80"><span class='ocrx_word' id='word_1_245' title='bbox 211 3033 339 3111; x_wconf 84' lang='lat' dir='ltr'><strong>perium.</strong></span> <span class='ocrx_word' id='word_1_246' title='bbox 380 3031 551 3111; x_wconf 80' lang='lat' dir='ltr'><strong>Intermges</strong></span> <span class='ocrx_word' id='word_1_247' title='bbox 570 3031 686 3113; x_wconf 86' lang='lat' dir='ltr'><strong>prodrti</strong></span> <span class='ocrx_word' id='word_1_248' title='bbox 708 3051 729 3092; x_wconf 80' lang='lat' dir='ltr'>a</span> <span class='ocrx_word' id='word_1_249' title='bbox 747 3030 891 3172; x_wconf 67' lang='lat' dir='ltr'><strong>(patribus</strong></span> <span class='ocrx_word' id='word_1_250' title='bbox 911 3031 945 3096; x_wconf 80' lang='lat'><strong>0.</strong></span> <span class='ocrx_word' id='word_1_251' title='bbox 966 3033 1116 3096; x_wconf 80' lang='lat' dir='ltr'><strong>Claudius</strong></span> 
     </span>
     <span class='ocr_line' id='line_1_35' title="bbox 211 3110 1169 3192; baseline 0.005 -18"><span class='ocrx_word' id='word_1_252' title='bbox 211 3113 297 3192; x_wconf 87' lang='lat' dir='ltr'><strong>Appi</strong></span> <span class='ocrx_word' id='word_1_253' title='bbox 324 3113 406 3174; x_wconf 87' lang='lat' dir='ltr'><strong>filius</strong></span> <span class='ocrx_word' id='word_1_254' title='bbox 432 3111 561 3186; x_wconf 84' lang='lat' dir='ltr'><strong>Centho,</strong></span> <span class='ocrx_word' id='word_1_255' title='bbox 585 3112 657 3172; x_wconf 90' lang='lat' dir='ltr'><strong>inde</strong></span> <span class='ocrx_word' id='word_1_256' title='bbox 682 3110 719 3172; x_wconf 85' lang='lat' dir='ltr'><strong>P.</strong></span> <span class='ocrx_word' id='word_1_257' title='bbox 774 3111 907 3175; x_wconf 89' lang='lat' dir='ltr'><strong>ornelius</strong></span> <span class='ocrx_word' id='word_1_258' title='bbox 926 3113 1034 3176; x_wconf 65' lang='lat' dir='ltr'><strong>Asine</strong></span> <span class='ocrx_word' id='word_1_259' title='bbox 1076 3115 1115 3175; x_wconf 91' lang='lat' dir='ltr'><strong>In</strong></span> <span class='ocrx_word' id='word_1_260' title='bbox 1129 3118 1169 3179; x_wconf 79' lang='lat'><strong>35</strong></span> 
     </span>
     <span class='ocr_line' id='line_1_36' title="bbox 210 3190 1116 3272; baseline 0.004 -21"><span class='ocrx_word' id='word_1_261' title='bbox 210 3193 275 3272; x_wconf 89' lang='lat' dir='ltr'><strong>ejus</strong></span> <span class='ocrx_word' id='word_1_262' title='bbox 304 3193 476 3272; x_wconf 86' lang='lat' dir='ltr'><strong>interregno</strong></span> <span class='ocrx_word' id='word_1_263' title='bbox 507 3192 631 3253; x_wconf 84' lang='lat' dir='ltr'><strong>comitia</strong></span> <span class='ocrx_word' id='word_1_264' title='bbox 661 3190 769 3252; x_wconf 82' lang='lat' dir='ltr'><strong>habita</strong></span> <span class='ocrx_word' id='word_1_265' title='bbox 804 3212 917 3272; x_wconf 83' lang='lat' dir='ltr'><strong>magno</strong></span> <span class='ocrx_word' id='word_1_266' title='bbox 950 3195 1116 3255; x_wconf 82' lang='lat' dir='ltr'><strong>certamine</strong></span> 
     </span>
     <span class='ocr_line' id='line_1_37' title="bbox 210 3271 1114 3352; baseline 0.001 -20"><span class='ocrx_word' id='word_1_267' title='bbox 210 3281 334 3352; x_wconf 83' lang='lat' dir='ltr'><strong>patrum</strong></span> <span class='ocrx_word' id='word_1_268' title='bbox 357 3293 395 3336; x_wconf 79' lang='lat' dir='ltr'><strong>eo</strong></span> <span class='ocrx_word' id='word_1_269' title='bbox 419 3271 524 3352; x_wconf 90' lang='lat' dir='ltr'><strong>plebis.</strong></span> <span class='ocrx_word' id='word_1_270' title='bbox 566 3271 600 3333; x_wconf 81' lang='grc' dir='ltr'><strong>Ο.</strong></span> <span class='ocrx_word' id='word_1_271' title='bbox 626 3271 768 3332; x_wconf 86' lang='lat' dir='ltr'><strong>Terentio</strong></span> <span class='ocrx_word' id='word_1_272' title='bbox 788 3271 935 3347; x_wconf 78' lang='lat' dir='ltr'><strong>Varroni,</strong></span> <span class='ocrx_word' id='word_1_273' title='bbox 955 3295 1045 3352; x_wconf 92' lang='lat' dir='ltr'><strong>quem</strong></span> <span class='ocrx_word' id='word_1_274' title='bbox 1065 3275 1114 3333; x_wconf 86' lang='lat' dir='ltr'><strong>sui</strong></span> 
     </span>
     <span class='ocr_line' id='line_1_38' title="bbox 232 3350 1115 3439; baseline -0.005 -27"><span class='ocrx_word' id='word_1_275' title='bbox 232 3352 329 3414; x_wconf 84' lang='lat' dir='ltr'><strong>oneris</strong></span> <span class='ocrx_word' id='word_1_276' title='bbox 342 3353 507 3424; x_wconf 88' lang='lat' dir='ltr'><strong>homiuem,</strong></span> <span class='ocrx_word' id='word_1_277' title='bbox 521 3350 605 3432; x_wconf 90' lang='lat' dir='ltr'><strong>plebi</strong></span> <span class='ocrx_word' id='word_1_278' title='bbox 624 3350 821 3410; x_wconf 82' lang='lat' dir='ltr'><strong>insectatione</strong></span> <span class='ocrx_word' id='word_1_279' title='bbox 835 3351 1008 3439; x_wconf 87' lang='lat' dir='ltr'><strong>principum</strong></span> <span class='ocrx_word' id='word_1_280' title='bbox 1022 3370 1115 3426; x_wconf 93' lang='lat' dir='ltr'><strong>popu-</strong></span> 
     </span>
     <span class='ocr_line' id='line_1_39' title="bbox 208 3372 1117 3519; baseline -0.01 -25"><span class='ocrx_word' id='word_1_281' title='bbox 208 3372 389 3519; x_wconf 70' lang='lat' dir='ltr'><strong>laribusque</strong></span> <span class='ocrx_word' id='word_1_282' title='bbox 401 3431 521 3493; x_wconf 80' lang='lat' dir='ltr'><strong>ortibus</strong></span> <span class='ocrx_word' id='word_1_283' title='bbox 535 3429 743 3500; x_wconf 77' lang='lat' dir='ltr'><strong>conciliatum,</strong></span> <span class='ocrx_word' id='word_1_284' title='bbox 757 3428 797 3486; x_wconf 80' lang='lat' dir='ltr'><strong>ab</strong></span> <span class='ocrx_word' id='word_1_285' title='bbox 812 3426 851 3502; x_wconf 71' lang='lat' dir='ltr'><strong>Q.</strong></span> <span class='ocrx_word' id='word_1_286' title='bbox 867 3427 948 3485; x_wconf 78' lang='lat' dir='ltr'><strong>Fabi</strong></span> <span class='ocrx_word' id='word_1_287' title='bbox 961 3425 1069 3502; x_wconf 84' lang='lat' dir='ltr'><strong>opibus</strong></span> <span class='ocrx_word' id='word_1_288' title='bbox 1085 3434 1117 3485; x_wconf 90' lang='lat' dir='ltr'><strong>et</strong></span> 
     </span>
    </p>
   </div>
   <div class='ocr_carea' id='block_1_4' title="bbox 311 3523 473 3592">
    <p class='ocr_par' dir='ltr' id='par_1_6' title="bbox 311 3523 473 3592">
     <span class='ocr_line' id='line_1_40' title="bbox 311 3523 473 3592; baseline -0.049 -9"><span class='ocrx_word' id='word_1_289' title='bbox 311 3523 473 3592; x_wconf 65' lang='lat' dir='ltr'><strong>12-uv5.</strong></span> 
     </span>
    </p>
   </div>
   <div class='ocr_carea' id='block_1_5' title="bbox 0 0 1312 3790">
    <p class='ocr_par' dir='ltr' id='par_1_7' title="bbox 0 0 1312 3790">
     <span class='ocr_line' id='line_1_41' title="bbox 0 0 1312 3790; baseline 0 1"><span class='ocrx_word' id='word_1_290' title='bbox 0 0 1312 3790; x_wconf 95' lang='lat' dir='ltr'><strong> </strong></span> 
     </span>
    </p>
   </div>
  </div>
 </body>
</html>
