2616 3790
457 196 592 243 mnus
617 196 702 264 xx1,
718 179 849 244 33-35.
1085 181 1150 248 113

236 353 400 415 XXXIV.
442 353 628 416 Perventum
655 353 727 414 inde
754 354 794 414 ad
821 351 1007 432 frequentem
1035 355 1098 416 cul-

198 434 314 496 toribus
329 434 436 507 alium,
450 443 486 494 ut
499 434 579 494 inter
592 443 760 507 montanos,
774 433 931 513 populum.
972 433 1022 494 Ibi
1035 455 1098 498 non

197 514 278 576 bello
298 522 415 593 aperto,
430 513 483 574 sed
503 515 564 574 suis
584 514 710 587 artibus,
730 514 839 574 fraude
859 522 890 574 et
909 514 1036 589 insidiis,
1052 524 1099 577 est

196 615 290 676 prope
312 595 549 655 circumventus.
590 594 706 673 Magno
726 602 802 654 natu
822 592 974 674 principes
993 595 1100 656 castel·

196 675 297 735 lorum
322 681 455 734 oratores
474 674 515 733 ad
539 674 675 734 Poenum
696 674 832 747 veniunt,
855 673 981 734 ‘alienis
999 675 1099 750 malis,
1131 675 1152 738 δ

196 755 267 816 utili
286 753 438 832 exemplo,
452 753 572 815 doctos'
587 762 787 815 memorantes
800 753 983 814 ‘amicitiam
1007 755 1099 816 malle

196 855 289 914 quam
312 834 379 896 vim
402 834 536 912 experiri
560 834 749 907 Poenorum;
778 834 881 912 itaque
905 833 1099 895 oboedienter

196 915 351 993 imperata
368 914 518 986 facturos,
540 923 740 976 commeatum
761 913 937 993 itinerisque
957 914 1049 975 duces
1069 923 1100 976 et

197 996 237 1055 ad
250 995 344 1054 fidem
358 995 573 1072 promissorum
588 993 705 1055 obsides
714 993 884 1073 acciperet'
926 993 1098 1068 Hannibal,

196 1095 253 1136 nec
277 1083 392 1134 temere
416 1073 601 1134 credendum
624 1094 680 1134 nec
701 1074 926 1153 aspernandum
947 1083 1040 1149 ratus,
1060 1095 1100 1137 ne
1114 1075 1154 1138 10

196 1155 354 1234 repudiati
374 1162 479 1233 aperte
497 1154 596 1215 hostes
616 1154 731 1228 fierent,
745 1153 876 1234 benigne
892 1174 962 1215 cum
978 1175 1099 1234 respon·

196 1235 300 1300 disset.
316 1233 473 1294 obsidibus
493 1255 568 1313 quos
588 1234 705 1295 dabant
723 1235 856 1313 acceptis
877 1243 909 1295 et
929 1243 1099 1296 commeatu

197 1335 288 1394 quem
310 1314 345 1374 in
365 1314 449 1376 viam
472 1314 531 1393 ipsi
555 1314 729 1376 detulerant
749 1335 829 1387 usus,
851 1333 1042 1393 nequaquam
1065 1323 1101 1376 ut

107 1401 111 1406 '
197 1395 278 1456 inter
292 1401 418 1474 pacatos
432 1395 586 1474 conposito
600 1395 721 1474 agmine
731 1394 823 1455 duces
836 1414 938 1455 eorum
954 1396 1099 1476 sequitur.

198 1475 339 1537 Primum
353 1495 462 1554 agmen
477 1475 631 1555 elephanti
645 1483 676 1536 et
688 1475 805 1554 equites
818 1484 925 1547 erant;
947 1475 1011 1555 ipse
1030 1484 1100 1556 post
1114 1474 1153 1536 15

197 1577 270 1618 cum
283 1555 391 1617 robore
404 1555 543 1634 peditum
558 1556 813 1635 circumspectans
833 1555 981 1617 sollicitus
997 1557 1101 1617 omnia

197 1633 369 1706 incedebat.
410 1635 475 1697 Ubi
490 1637 522 1696 in
536 1636 743 1716 angustiorem
757 1636 841 1696 viam
855 1643 886 1696 et
899 1644 986 1715 parte
1003 1636 1101 1698 altera

198 1716 366 1796 subjectam
376 1716 451 1796 jugo
462 1715 585 1794 insuper
595 1715 758 1777 inminenti
765 1724 891 1777 ventum
903 1726 956 1790 est,
966 1717 1101 1796 undique

198 1817 238 1858 ex
261 1797 381 1858 insidiis
406 1795 537 1869 barbari,
552 1816 572 1856 a
595 1796 704 1869 fronte,
724 1795 764 1856 ab
787 1804 873 1875 tergo
897 1797 1001 1870 coorti,
1022 1817 1101 1858 com·

197 1877 310 1950 minus,
328 1877 446 1936 eminus
466 1885 584 1955 petunt,
604 1897 681 1937 saxa
700 1877 837 1956 ingentis
860 1877 892 1936 in
917 1897 1027 1956 agmen
1051 1877 1100 1937 de·
1114 1877 1154 1940 20

197 1957 339 2019 volvunt.
380 1955 521 2016 Maxima
544 1956 585 2016 ab
608 1965 693 2036 tergo
713 1958 761 2018 vis
782 1956 940 2018 hominum
962 1957 1100 2037 urgebat.

198 2037 237 2098 In
253 2057 303 2098 eos
317 2056 405 2099 versa
418 2036 557 2115 peditum
577 2037 656 2097 acies
677 2037 753 2097 haut
771 2036 901 2097 dubium
919 2037 1001 2111 fecit,
1015 2038 1100 2116 quin,

198 2117 258 2178 nisi
279 2117 401 2177 firmata
421 2125 559 2176 extrema
579 2117 709 2196 agminis
729 2117 865 2190 fuissent,
886 2117 993 2197 ingens
1013 2118 1046 2178 in
1065 2137 1100 2178 eo

197 2198 279 2258 saltu
294 2195 472 2275 accipienda
487 2197 589 2258 clades
601 2197 703 2258 fuerit.
744 2197 830 2258 Tunc
847 2218 968 2276 quoque
987 2198 1028 2258 ad
1048 2217 1099 2258 ex·

197 2287 331 2338 tremum
342 2277 471 2355 periculi
482 2297 518 2337 ac
529 2298 623 2356 prope
633 2277 797 2355 perniciem
805 2287 931 2339 ventum
943 2286 1004 2351 est;
1018 2297 1099 2351 nam,
1115 2277 1155 2338 25

198 2358 273 2418 dum
288 2365 452 2417 cunctatur
465 2356 627 2418 Hannibal
643 2357 801 2418 demittere
821 2377 930 2438 agmen
945 2359 978 2417 in
992 2378 1100 2438 angus-

198 2437 267 2510 tias,
310 2437 363 2504 uia
381 2456 452 2510 non,
473 2445 509 2498 ut
528 2438 592 2516 ipse
615 2437 768 2516 equitibus
814 2437 943 2498 raesidio
963 2447 1038 2511 erat,
1055 2439 1100 2498 ita

197 2457 353 2596 peditibus
374 2517 537 2596 quicquam
558 2517 597 2578 ab
617 2526 703 2596 tergo
724 2458 835 2577 auxilii
857 2518 1032 2597 reliquerat,
1053 2538 1101 2578 oc-

198 2606 356 2658 cursantes
383 2617 439 2675 per
465 2597 590 2676 obliqua
619 2597 767 2670 montani,
795 2598 966 2678 interrupto
1000 2598 1100 2658 medio

198 2678 329 2757 agmina,
350 2677 434 2738 viam
453 2676 598 2751 insedere,
619 2697 741 2757 noxque
760 2697 823 2738 una
843 2677 1016 2739 Hannibali
1035 2679 1100 2740 sine
1114 2677 1154 2741 30

198 2756 352 2836 equitibus
366 2764 458 2835 atque
471 2757 685 2835 inpedimentis
699 2764 769 2817 acta
782 2765 835 2818 est.

237 2837 384 2899 XXXV.
426 2837 550 2897 Postero
576 2837 636 2910 die,
659 2837 726 2915 jam
752 2838 872 2916 segnius
899 2838 1100 2900 intercursan-

197 2917 281 2980 tibus
304 2915 452 2990 barbaris,
469 2916 596 2994 junctae
619 2917 734 2994 copiae,
754 2918 910 2996 saltusque
929 2918 1014 2979 haud
1034 2921 1100 2980 sine

197 2998 295 3070 clade,
319 2997 433 3076 majore
460 3004 564 3056 tamen
586 2997 796 3075 jumentorum
824 3017 916 3077 quam
941 2999 1099 3074 hominum

236 3077 341 3150 ruinis,
355 3084 524 3156 superatus.
566 3075 644 3136 Inde
658 3077 796 3137 montani
809 3078 967 3156 pauciores
983 3079 1050 3158 jam
1069 3088 1100 3139 et
1115 3078 1155 3138 35

209 3157 353 3218 atrocinii
366 3157 463 3236 magis
477 3176 570 3235 quam
584 3155 658 3216 belli
672 3177 755 3217 more
769 3157 1000 3231 concursabant,
1011 3158 1100 3218 modo

196 3238 228 3298 in
250 3237 395 3316 primum,
416 3236 506 3296 modo
526 3235 559 3295 in
579 3236 778 3297 novissimum
798 3257 917 3314 agmen,
934 3245 1101 3313 utcumque

196 3326 251 3378 aut
267 3317 353 3378 locus
371 3316 630 3394 opportunitatem
652 3315 741 3374 daret
760 3324 814 3374 aut
834 3315 983 3392 progressi
1004 3332 1100 3370 mora·

196 3398 261 3459 tivo
281 3396 419 3523 agiqulqm
435 3395 623 3456 occasionem
637 3393 786 3453 fecissent.
828 3390 1007 3468 Elephanti,
1021 3389 1101 3446 sicut

320 3501 355 3511 -
382 3488 436 3537 ssy.
