2572 3790
476 240 660 309 n1ana1,
688 227 819 292 55-56.
1103 225 1146 294 75

190 403 308 458 motam
332 395 468 457 Termini
491 397 592 460 sedem
615 419 772 479 unumque
793 419 863 460 eum
885 398 1010 460 deorum
1032 419 1094 460 non

191 486 353 538 evocatum
364 478 491 538 sacratis
498 478 556 539 sibi
567 478 678 540 finibus
689 479 777 541 firma
786 479 969 558 stabiliaque
983 488 1095 541 cuncta

190 555 381 635 portendere.
423 556 494 618 Hoc
511 578 568 651 per
606 559 726 620 tuitatis
746 559 882 638 auspicio
902 567 1036 638 accepto,
1050 579 1094 622 sc·

192 644 300 696 cutum
316 635 402 697 aliud
416 647 555 716 magnrtu
578 639 659 700 inem
678 639 799 718 imperii
820 637 1004 718 portendens
1024 659 1093 720 pro·

192 715 312 794 digium
326 725 387 777 este
408 727 502 796 eaput
513 716 681 778 humanum
697 719 817 798 integra
833 718 913 780 facio
932 719 1093 800 aperienti·
1127 722 1146 783 5

191 794 251 855 bus
265 794 466 857 fundamenta
479 805 541 858 tem
562 796 586 857 li
600 797 716 859 dieitur
735 799 922 878 apparuisse,
935 819 1014 878 quas
1028 800 1110 862 viss·

192 875 306 954 species
326 875 403 936 haut
423 897 478 956 per
496 817 638 957 ambages
658 898 759 938 arcem
774 899 841 939 eam
855 879 976 958 imperii
990 887 1094 958 caput-

193 974 253 1033 que
266 975 369 1016 rerum
383 955 447 1016 fore
461 957 678 1037 portendebat;
693 957 786 1038 idque
799 959 844 1020 ita
854 958 989 1020 cecinere
999 967 1093 1034 vates,

193 1035 308 1174 quique
332 1035 364 1095 in
387 1035 463 1096 urbe
482 1046 570 1098 erant
590 1057 724 1116 quosque
744 1038 785 1099 ad
806 1059 873 1099 eam
893 1057 957 1100 rem
978 1038 1094 1100 consul·

193 1125 247 1176 tan
271 1135 321 1174 am
345 1135 385 1175 ex
409 1115 537 1177 Etruria
557 1117 740 1179 acciverant.
781 1117 964 1198 Augebatur
985 1119 1025 1180 ad
1050 1119 1094 1180 in·
1107 1120 1148 1183 10

193 1215 302 1274 pensas
325 1197 405 1274 regis
428 1196 565 1270 animus;
586 1197 690 1276 itaque
714 1198 896 1278 Pomptinae
920 1199 1093 1272 manubiae,

194 1294 273 1353 quae
293 1274 485 1354 perducendo
504 1277 545 1338 ad
566 1276 687 1338 culmen
708 1278 791 1358 operi
812 1277 983 1341 destinatae
995 1289 1092 1352 erant,

194 1354 251 1416 vix
264 1355 298 1414 in
312 1355 512 1417 fundamenta
525 1357 766 1438 suppeditavere.
807 1357 855 1420 Eo
869 1359 967 1438 magis
984 1357 1092 1432 Fabio,

194 1443 407 1514 praeterquam
421 1436 503 1514 quod
521 1437 677 1532 antiquior
690 1447 744 1511 est,
759 1438 950 1512 crediderim,
964 1440 1094 1519 quadra·

193 1514 282 1594 ginta
295 1534 332 1575 ea
348 1515 414 1575 sola
433 1516 550 1579 talenta
569 1517 670 1592 fuisse,
684 1539 778 1612 qnam
798 1518 911 1591 Pisoni,
926 1519 978 1599 qui
1000 1517 1147 1597 qued-15

194 1593 318 1674 raginta
341 1595 430 1657 milia
452 1597 554 1678 pondo
581 1608 700 1678 argenti
728 1597 858 1678 seposita
880 1598 914 1658 in
938 1618 1005 1658 eam
1029 1619 1094 1660 rem

193 1674 309 1749 scribit,
323 1696 472 1738 summam
486 1677 633 1758 pecuniae
647 1698 745 1758 neque
758 1699 797 1739 ex
811 1677 901 1739 unius
922 1687 987 1741 tum
1009 1678 1094 1739 urbis

194 1757 309 1837 praeda
342 1758 524 1837 sperandam
555 1767 586 1819 et
618 1758 734 1820 nullius
761 1778 800 1819 ne
826 1757 934 1818 horum
971 1758 1094 1837 quidem

196 1836 470 1918 [magnificentiae]
485 1857 611 1918 operum
632 1837 832 1900 fundamenta
851 1857 914 1899 non
934 1858 1094 1918 exsupera·
1107 1916 1148 1980 2⁰

194 1927 305 1979 turam.

119 1995 224 2053 s*
233 1997 322 2059 LVI.
362 1997 504 2060 Intentus
516 1997 700 2080 perficiendo
713 1997 837 2079 templo,
851 1997 946 2059 fabris
959 1997 1095 2078 undique

192 2097 233 2138 ex
248 2077 376 2140 Etruria
397 2079 510 2153 accitis,
525 2099 586 2140 non
608 2078 739 2159 pecunia
756 2079 854 2140 solum
867 2079 908 2140 ad
922 2078 954 2139 id
968 2077 1096 2158 publiea

192 2167 239 2219 est
254 2177 336 2232 usus,
350 2159 403 2220 sed
423 2160 522 2239 operis
542 2160 635 2221 etiam
656 2179 696 2220 ex
716 2158 813 2238 plebe.
854 2158 1003 2235 Quicum
1017 2158 1095 2220 haut

192 2258 308 2318 parvus
321 2248 352 2300 et
366 2239 430 2318 ipse
443 2239 573 2300 militiae
585 2240 750 2301 adderetur
762 2238 859 2311 labor,
873 2238 974 2299 minus
991 2247 1093 2298 tamen

214 2319 280 2380 lebs
293 2319 489 2398 gravabatur,
503 2340 536 2380 se
549 2320 666 2400 templa
680 2319 770 2380 deam
785 2317 984 2379 exaedificare
998 2318 1094 2378 mani-
1108 2313 1148 2376 25

191 2339 250 2460 bus
263 2399 335 2472 suis,
345 2419 436 2478 quam
450 2408 610 2479 postquam
625 2409 656 2462 et
669 2400 709 2460 ad
724 2398 796 2472 alia,
805 2407 840 2459 ut
853 2397 952 2477 specie
965 2397 1093 2471 minora,

191 2478 236 2539 sic
258 2478 373 2540 laboris
395 2478 554 2558 aliquanto
575 2480 707 2560 majoris,
730 2477 972 2539 traducebantur
992 2498 1094 2557 opera,

191 2557 273 2620 foros
295 2558 327 2618 in
350 2559 429 2620 circo
454 2558 617 2633 faciendos,
639 2560 836 2638 cloacamque
858 2557 1036 2631 maximam,
1050 2577 1094 2618 re·

192 2639 387 2718 captaculum
400 2639 535 2699 omnium
551 2650 821 2718 purgamentorum
835 2637 927 2710 urbis,
941 2637 998 2698 sub
1012 2645 1094 2698 terra

191 2719 361 2798 agendam;
390 2719 501 2797 quibus
525 2719 643 2780 duobus
668 2718 808 2798 operibus
829 2719 885 2780 vix
912 2737 993 2778 nova
1016 2717 1092 2778 haec
1107 2713 1146 2776 30

191 2799 419 2878 magnificentia
440 2798 602 2938 quicquam
625 2800 797 2878 adaequare
819 2796 928 2877 potuit.
970 2796 1030 2858 His
1050 2796 1093 2859 la·

191 2876 317 2940 boribus
337 2878 472 2939 exercita
494 2878 592 2958 pebe,
615 2879 688 2959 quia
710 2887 741 2939 et
762 2877 832 2938 urbi
854 2876 1092 2951 multitudinem,

191 2957 246 3018 ubi
260 2977 331 3018 usus
344 2979 406 3018 non
419 2967 505 3032 esset,
518 2958 603 3019 oneri
617 2958 742 3019 rebatur
754 2977 825 3031 esse,
839 2966 871 3018 et
890 2957 1005 3019 colonis
1024 2957 1092 3018 mit

191 3037 291 3098 tendis
311 3037 453 3117 occupari
472 3037 565 3098 latius
581 3038 701 3118 imperii
720 3037 794 3098 fines
807 3036 940 3111 volebat,
953 3036 1091 3116 Signiam

190 3116 383 3210 Circeiosque
396 3116 517 3178 colonos
535 3118 627 3192 misit,
642 3117 794 3197 praesidia
806 3117 877 3178 urbi
891 3117 997 3178 futura
1011 3126 1092 3179 terra
1105 3113 1144 3176 35

190 3216 436 3356 miilndldbeagenti
449 3284 624 3355 portentum
637 3274 773 3337 terribile
786 3275 904 3338 visum:
925 3274 1033 3354 anguis
1051 3295 1091 3336 ex

191 3355 334 3418 columna
354 3356 457 3438 lignea
477 3355 598 3437 elapsus
619 3376 689 3417 cum
710 3363 857 3416 terrorem
874 3355 1040 3433 fugamque
1057 3353 1091 3412 in
