2572 3790
517 239 650 286 mann
675 239 700 304 r,
725 223 816 288 4-5.
1126 225 1166 290 21

210 395 302 456 uxori
316 395 489 457 educandos
503 395 598 457 datos.
634 395 714 457 Sunt
727 396 780 476 qui
795 396 975 458 Larentiam
986 397 1117 477 vulgato

211 495 337 555 corpore
357 477 462 556 lupam
483 477 563 537 inter
583 486 717 555 pastores
731 487 872 538 vocatam
894 487 1021 558 putent;
1045 479 1117 540 inde

134 595 138 604 ·
211 556 313 616 locum
327 556 451 618 fabulae
465 577 500 617 ac
515 557 665 618 miraculo
679 556 795 618 datum.

252 635 304 695 Ita
324 637 420 715 geniti
440 637 544 716 itaque
564 638 696 710 educati,
719 658 789 698 cum
817 637 950 717 primum
981 639 1118 704 adolevit

210 726 303 790 aetas,
318 737 374 778 neo
393 717 426 777 in
447 717 575 778 stabulis
589 738 645 778 nec
659 717 699 777 ad
715 739 825 798 pecora
847 738 960 798 segnes,
976 722 1117 783 venando
1152 723 1171 784 ὃ

210 813 373 874 peragrare
385 796 490 857 saltus.
532 795 618 857 Hinc
633 796 740 858 robore
757 797 934 877 corporibus
948 800 1118 880 animisque

209 885 418 1015 sumptudam
428 896 490 937 nou
501 875 581 937 feras
596 886 717 938 tantum
732 878 902 953 subsistere,
914 880 967 941 sed
980 880 1014 940 in
1028 881 1117 943 latro·

210 975 263 1015 nes
273 974 346 1034 prae
368 963 517 1016 aonustos
529 957 660 1037 impetus
669 957 777 1031 lacere,
778 959 1019 1100 (pastoribusque
1028 970 1119 1041 rapta

210 1034 357 1109 dividere,
368 1044 399 1096 et
413 1056 483 1097 oum
495 1036 551 1109 his,
563 1045 714 1098 crescente
729 1039 763 1100 in
800 1039 842 1100 ies
855 1061 946 1121 grege
956 1041 1115 1121 juvenum,

209 1116 289 1176 seria
303 1135 340 1176 ao
349 1116 432 1196 jocos
447 1115 608 1179 celebrare.
1131 1121 1170 1183 10
1203 1097 1246 1225 ,ᾖ

251 1195 291 1258 V.
319 1196 392 1258 Jam
402 1205 468 1257 tum
478 1197 510 1256 in
521 1197 643 1261 Palatio
655 1200 786 1280 [monte]
798 1200 951 1282 Lupercal
960 1201 1018 1262 hoc
1026 1199 1117 1263 finisse

210 1276 365 1337 ludicrum
386 1277 498 1350 ferunt,
514 1286 545 1338 et
559 1297 578 1338 a
594 1278 764 1356 Pallanteo,
780 1281 855 1343 urbe
869 1281 1032 1355 Arcadica,
1048 1281 1117 1342 Pal-

209 1356 352 1432 lantium,
374 1357 445 1418 dein
475 1357 632 1420 Palatium
663 1370 796 1422 montem
826 1361 1024 1442 appellatum.
1066 1362 1116 1423 Ibi

210 1437 401 1512 Evandrum,
417 1439 471 1517 qui
492 1459 532 1500 ex
552 1460 586 1501 eo
607 1447 717 1520 genere
739 1442 898 1502 Arcadum
920 1442 1025 1502 multis
1046 1452 1117 1504 ante

209 1518 440 1598 tempestatibus
469 1521 603 1581 tenuerit
631 1520 708 1594 loca,
738 1521 884 1582 sollemne
918 1521 1048 1582 allatum
1076 1543 1115 1583 ex
1131 1521 1170 1582 15

209 1597 348 1660 Arcadia
368 1600 597 1674 instituissent
618 1601 695 1661 nudi
712 1602 839 1682 juvenes
858 1601 1014 1681 Lycaeum
1029 1601 1116 1664 Pana

209 1688 387 1740 venerantes
397 1701 452 1760 per
463 1680 563 1741 lusum
576 1689 668 1760 atque
680 1680 839 1743 lasciviam
850 1690 1014 1755 currerent,
1026 1701 1115 1762 quem

209 1759 344 1820 Romani
358 1761 468 1822 deinde
482 1769 671 1823 vocaverunt
685 1760 808 1824 Inuum.

251 1838 336 1901 Huic
356 1841 468 1902 deditis
489 1841 620 1916 ludicro,
642 1862 712 1902 curn
737 1842 883 1904 sollemne
902 1851 1009 1904 notum
1030 1851 1115 1916 esset,

208 1919 367 1982 insidiatos
395 1920 435 1981 ob
462 1923 540 1983 iram
568 1923 701 2002 praedae
730 1923 857 1984 amissae
881 1923 1023 1995 latrones,
1044 1943 1113 1984 cum
1129 1922 1168 1984 20

209 2001 362 2062 Romulus
382 2002 414 2063 vi
435 2021 467 2063 se
487 2002 678 2071 defendisset,
701 2001 833 2063 Remum
853 2003 975 2082 cepisse,
990 2012 1114 2082 captum

208 2082 274 2162 regi
301 2081 429 2144 Amulio
458 2083 618 2144 tradidisse
647 2082 729 2144 ultro
757 2091 941 2144 accusantes.
982 2082 1113 2143 Crimini

209 2162 345 2224 maxime
364 2163 481 2224 dabant
502 2164 535 2222 in
557 2163 728 2224 Numitoris
750 2183 839 2242 agros
858 2163 949 2223 abiis
967 2162 1118 2241 impetum

209 2241 293 2316 fieri;
314 2243 386 2304 inde
404 2264 463 2318 eos,
478 2243 607 2305 collecte
624 2243 773 2322 juvenum
795 2263 899 2316 mann,
920 2242 1060 2302 hostilem
1080 2243 1113 2302 in

208 2325 334 2383 modum
370 2324 476 2385 raedas
498 2344 596 2406 agere.
638 2323 689 2384 Sic
703 2323 743 2384 ad
757 2323 943 2405 supplicium
956 2321 1113 2384 Numitori
1127 2321 1166 2384 25
1276 2337 1278 2342 ’

209 2402 325 2464 Remus
360 2404 469 2466 editur.

249 2481 322 2545 Jam
342 2484 413 2545 inde
433 2484 473 2545 ab
493 2484 581 2547 initio
603 2483 753 2547 Faustulo
775 2504 841 2565 spes
862 2484 972 2557 fuerat,
995 2482 1111 2562 regiam

209 2563 335 2644 stirpem
345 2566 429 2645 apud
439 2586 471 2626 se
481 2566 622 2627 educari:
638 2587 710 2626 narn
725 2575 756 2628 et
770 2565 922 2644 expositos
932 2565 1019 2643 jussu
1033 2564 1112 2643 regis

209 2643 342 2706 infantes
359 2645 484 2721 sciebat,
498 2654 529 2707 et
549 2655 678 2727 tempus,
699 2667 760 2726 quo
781 2645 845 2726 ipse
866 2665 915 2706 ecs
935 2644 1111 2718 sustulisset,

209 2725 249 2786 ad
263 2725 296 2785 id
309 2726 410 2805 ipsum
424 2747 608 2805 congruere3
629 2727 682 2788 sed
697 2746 760 2786 rem
776 2725 963 2786 inmaturam
977 2725 1036 2785 nisi
1057 2735 1111 2785 aut
1125 2725 1165 2786 30

231 2826 264 2866 er
276 2806 463 2867 occasionem
477 2816 532 2867 ant
546 2827 600 2886 per
613 2807 824 2868 necessitatem
838 2805 950 2887 aperiri
961 2805 1110 2866 noluerat.

208 2825 379 2947 Necessitas
406 2887 490 2966 prior
509 2887 610 2960 venit;
632 2887 677 2948 ita
700 2895 784 2948 metu
808 2885 953 2948 subactus
978 2884 1110 2946 Romulo

209 2986 274 3026 rem
301 2967 408 3046 aperit.
449 2965 543 3028 Forte
569 2975 600 3028 et
626 2967 792 3042 Numitori,
814 2986 885 3028 curn
912 2966 945 3026 in
973 2965 1111 3026 custodia

209 3045 341 3106 Remum
368 3046 495 3108 haberet
522 3047 715 3126 audissetque
741 3047 876 3127 geminos
903 3065 965 3107 ease
992 3046 1110 3120 fratres,

209 3126 414 3206 comparando
434 3137 465 3188 et
485 3137 616 3189 aetatem
638 3146 741 3187 eorum
756 3136 787 3187 et
800 3127 898 3206 ipsam
912 3125 1038 3186 minime
1052 3145 1109 3186 ser·
1125 3124 1163 3184 35

208 3205 303 3266 vilem
316 3206 459 3281 indolem,
473 3208 616 3286 tetigerat
636 3207 773 3266 animum
787 3207 933 3266 memoria
947 3214 1109 3282 nepotum;

208 3285 449 3365 sciscitandoque
469 3287 574 3348 eodem
595 3286 743 3366 pervenit,
757 3292 793 3345 ut
806 3285 883 3345 haut
897 3285 1004 3364 procul
1025 3293 1109 3355 esset,
1165 3317 1184 3360 χχ

209 3365 285 3444 quin
298 3365 430 3425 Remum
444 3374 627 3446 agnosceret.

250 3443 301 3504 Ita
324 3445 459 3525 undique
482 3446 548 3525 regi
575 3445 663 3506 dolus
690 3442 832 3516 nectitur.
873 3437 1025 3500 Romulus
1048 3457 1110 3496 non
