2616 3790
483 223 616 284 mnan
640 236 732 302 xxr,
757 221 847 286 5-6.
1121 222 1163 288 87

209 391 326 533 ppeitis,
347 412 418 456 cum
441 392 543 474 prima
566 392 651 473 quies
673 393 889 474 silentiumque
912 393 953 456 ab
974 394 1111 456 hostibus

245 473 279 546 it,
294 494 416 534 amnem
435 473 515 536 vado
535 474 665 553 trajecit,
678 474 821 552 valloque
842 478 887 536 ita
907 475 1054 554 producto
1077 485 1111 536 ut

210 551 313 613 locum
328 553 368 614 ad
382 553 666 633 transgrediendum
679 554 781 616 hostes
795 554 951 627 baberent,
966 555 1111 616 invadere

211 652 260 693 eos
273 643 466 695 transeuntes
478 634 595 696 statuit.
637 634 801 714 Eqmtibus
811 635 975 714 praecepit,
986 645 1028 708 ut,
1040 655 1110 696 cum

211 712 361 792 ingressos
388 733 500 793 aquam
527 713 676 787 viderent,
703 714 898 776 adorirentur
931 714 1111 795 impeditum
1145 716 1165 776 5

211 813 341 873 agmen;
374 793 408 854 in
441 792 510 874 ripa
543 793 720 874 elephantos
755 793 975 873 (quadraginta
1008 805 1110 856 autem

211 878 315 950 erant)
337 873 481 1016 disppnit.
522 873 764 953 Carpetanorum
791 894 861 935 cum
890 874 1110 954 adpendicibus

212 952 367 1015 Olcadum
423 974 661 1034 aecaoorumque
688 963 810 1016 centum
836 953 926 1016 milia
951 953 1044 1028 fuere,
1067 955 1111 1016 in·

212 1034 297 1096 victu
310 1034 400 1108 acies,
414 1034 440 1094 si
460 1055 557 1114 aequo
577 1034 776 1096 dimicaretur
795 1055 914 1115 campo.
954 1033 1066 1115 Itaque
1079 1044 1111 1096 et

212 1114 334 1194 ingenio
355 1114 469 1176 feroces
488 1124 520 1176 et
539 1113 737 1175 multitudine
756 1114 837 1188 freti,
858 1125 898 1189 et,
919 1115 1000 1194 quod
1028 1116 1165 1178 metu10

212 1195 333 1255 cessisse
353 1193 517 1255 credebant
537 1194 662 1267 hostem,
683 1195 716 1254 id
736 1195 849 1258 morari
868 1195 1029 1258 victoriam
1050 1195 1111 1256 rati

212 1274 295 1354 quod
315 1273 472 1336 interesset
491 1274 599 1348 amnis,
614 1274 747 1336 clamore
764 1275 896 1350 sublato,
913 1275 1026 1355 passim
1045 1275 1111 1336 sine

212 1355 307 1416 ullius
321 1354 459 1434 imperio,
473 1374 534 1434 qua
549 1355 599 1415 cui
621 1374 658 1414 ue
672 1355 847 1434 proximum
868 1365 922 1429 est,
937 1355 969 1416 in
989 1375 1111 1416 amnem

212 1443 315 1495 ruunt.
356 1435 401 1496 Et
420 1454 460 1494 ex
479 1443 568 1515 parte
619 1445 685 1496 tera
698 1436 783 1516 ripae
795 1435 842 1498 vis
855 1435 962 1514 ingens
975 1435 1112 1514 equitum

212 1514 245 1575 in
255 1514 370 1576 flumen
380 1514 515 1588 inmissa,
525 1515 685 1594 medioque
698 1516 787 1577 alveo
800 1515 1030 1594 hautquaquam
1044 1516 1111 1594 pari
1127 1516 1166 1577 15

212 1595 378 1656 certamine
398 1615 591 1669 concursum,
604 1596 716 1675 quippe
730 1595 784 1656 ubi
798 1595 889 1675 pedes
903 1593 1055 1656 instabilis
1075 1615 1112 1656 ac

211 1675 269 1738 vix
288 1675 369 1737 vado
395 1675 491 1738 fidens
510 1675 561 1739 vel
582 1676 623 1737 ab
643 1675 752 1736 inermi
772 1675 883 1754 equite,
903 1695 980 1754 equo
1000 1683 1113 1736 temere

212 1764 291 1829 acto,
312 1756 446 1836 perverti
465 1765 574 1835 posset,
595 1775 686 1835 eques
705 1775 831 1835 corpore
853 1755 1005 1848 armisque
1024 1755 1110 1830 liber,

211 1856 290 1915 equo
304 1835 353 1897 vel
373 1855 428 1916 per
445 1836 561 1898 medios
624 1835 716 1916 rgites
736 1835 848 1909 stabili,
861 1855 1027 1896 comminus
1041 1836 1111 1897 emi-

210 1935 330 1994 nusque
342 1936 406 1976 rem
420 1925 546 1994 gereret.
614 1936 664 1978 ars
673 1936 786 1995 magna
795 1916 921 1976 flumine
935 1915 1111 1996 absumpta3
1126 1917 1166 1979 20

210 1995 339 2076 quidam
351 1995 499 2058 verticoso
520 1997 604 2056 amni
624 1995 720 2057 delati
733 1997 767 2055 in
780 1995 874 2057 hostis
888 1995 927 2056 ab
941 1995 1110 2075 elephantis

210 2071 318 2138 obtriti
345 2085 425 2137 sunt.
466 2076 625 2150 Postremi,
652 2076 763 2156 quibus
790 2096 939 2155 regressus
965 2074 998 2135 in
1025 2095 1111 2136 suam

209 2156 312 2236 ripam
325 2156 419 2216 tutior
432 2154 502 2230 fuit,
515 2176 556 2218 ex
569 2157 657 2219 varia
670 2155 872 2236 trepidatione
886 2176 955 2216 cum
970 2155 1001 2215 in
1016 2175 1112 2215 unum

209 2237 439 2316 colligerentur,
480 2234 637 2316 riusquam
658 2255 677 2297 a
697 2244 784 2298 tanto
807 2256 920 2315 pavore
944 2235 1113 2314 reciperent

209 2318 338 2390 animos,
353 2255 515 2377 Hannibal
528 2316 650 2395 agmine
663 2315 813 2396 quadrato
827 2335 948 2376 amnem
960 2315 1111 2394 ingressus
1126 2318 1166 2378 25

209 2397 317 2477 fugam
337 2415 377 2456 ex
397 2394 467 2474 ripa
486 2395 567 2470 fecit,
588 2395 777 2475 vastatisque
796 2396 877 2475 agris
896 2395 980 2456 intra
999 2414 1112 2474 paucos

209 2477 276 2538 dies
298 2475 485 2556 Carpetanos
509 2495 630 2556 quoque
652 2476 686 2536 in
709 2474 894 2536 deditionem
918 2474 1052 2554 accepit;
1080 2485 1111 2537 et

211 2559 279 2638 jam
299 2556 404 2618 omnia
424 2564 508 2618 trans
527 2556 683 2618 Hiberum
702 2565 823 2638 praeter
842 2554 1027 2636 Saguntinos
1040 2554 1112 2618 Cor·

210 2636 450 2780 ‘h'ffifflium
463 2646 559 2698 erant.

352 2715 431 2777 Cum
454 2716 633 2797 Saguntinis
659 2715 775 2778 bellum
802 2715 940 2779 nondum
966 2723 1042 2791 erat,
1066 2735 1112 2778 ce·
1126 2719 1167 2781 30

209 2806 310 2859 terum
333 2797 401 2878 jam
429 2796 503 2858 belli
531 2817 632 2860 causa
674 2797 851 2859 Certamina
878 2817 947 2858 curn
974 2797 1112 2858 finitimis

208 2877 397 2950 serebantur,
411 2897 556 2938 maxume
569 2877 759 2938 Turdetanis.
802 2876 922 2954 Quibus
938 2897 1008 2937 cum
1029 2877 1112 2938 ades·

208 2965 256 3017 set
274 2956 357 3017 idem
378 2957 432 3036 qui
452 2956 516 3018 litis
535 2966 601 3018 erat
621 2967 712 3030 sator,
725 2978 782 3018 nec
796 2967 949 3018 certamen
958 2956 1045 3036 juris,
1058 2958 1111 3018 sed

209 3037 274 3099 vim
295 3037 403 3116 quaeri
422 3047 592 3116 appareret,
613 3037 707 3118 legati
734 3058 754 3098 a
779 3037 957 3114 Saguntinis
980 3037 1112 3098 Romam

209 3116 303 3190 missi,
317 3117 470 3179 auxilium
483 3116 524 3178 ad
538 3116 654 3178 bellum
671 3119 738 3197 jam
756 3117 832 3177 haut
850 3116 942 3177 dubie
961 3116 1112 3179 inminens
1127 3119 1165 3179 35

209 3206 339 3259 orantes.

251 3277 397 3339 Consules
410 3287 485 3339 tunc
499 3277 617 3339 Romae
630 3286 718 3338 erant
732 3276 768 3338 P.
782 3276 941 3336 Cornelius
960 3275 1062 3353 Scipio
1082 3285 1113 3336 et

211 3355 258 3418 Ti.
279 3358 474 3439 Sempronius
494 3357 626 3436 Longus
671 3357 735 3431 Qui
755 3377 833 3428 cum,
848 3353 955 3431 legatis
976 3355 1008 3411 iu
1028 3375 1111 3411 sena-

211 3445 278 3498 tum
292 3438 483 3511 introductis,
497 3437 536 3497 de
555 3457 588 3497 re
606 3435 732 3516 publica
744 3433 926 3502 retulissent,
940 3430 1112 3506 placuisset·
