2572 3790
116 251 159 316 46
284 266 496 315 n1n1n1v1
525 263 581 312 aa
605 263 722 313 vans
750 264 943 312 eornm

169 432 275 486 rentur
302 421 342 483 ab
369 422 491 502 oppido,
518 430 605 500 terga
630 429 765 482 vertunt.
820 417 922 481 Instat
948 419 1068 495 Tullus,

168 504 294 584 fusoque
306 503 501 563 Fidenatium
515 521 610 562 cornu
623 501 655 560 In
664 500 826 564 Veientem
841 500 941 562 alieno
956 521 1070 580 pavore

168 582 342 664 perculsum
362 582 490 642 ferocior
511 581 598 642 redit.
639 580 707 642 Nec
727 580 774 640 illi
795 579 893 640 tulere
911 580 1069 660 impetum,

168 663 222 724 sed
236 662 276 724 ab
290 662 385 723 effitsa
398 661 472 740 fuga
485 661 598 721 flumen
613 660 764 741 objectum
778 660 818 722 ab
832 670 917 739 tergo
936 660 1068 721 arcebat

135 743 240 820 bQuo
260 751 421 822 postquam
442 741 516 819 fuga
536 741 708 814 inclinavit,
724 741 779 801 alii
799 759 886 800 arma
904 739 990 800 foede
1006 741 1071 820 jac·

168 831 268 884 tentes
282 823 316 882 in
329 841 441 901 aquam
459 821 540 882 caeci
557 820 697 894 ruebant,
710 821 775 894 alii,
790 820 864 881 dum
885 828 1071 881 cunctantur

169 904 201 962 in
223 903 306 982 ripis,
328 902 408 963 inter
427 900 519 980 fugae
538 920 720 981 pugnaeque
743 899 904 962 consilium
925 899 1068 979 obpressi.

168 982 239 1043 Non
254 981 316 1042 alia
330 991 402 1043 ante
416 980 558 1041 Romana
571 1000 677 1059 pugna
690 981 823 1041 atrocior
836 979 904 1040 fuit.

208 1061 373 1124 XXVIII.
415 1060 496 1121 Tum
509 1059 651 1121 Albanus
669 1060 830 1133 exercitus,
843 1066 996 1138 spectator
1009 1079 1071 1119 cer·

117 1145 156 1208 10
169 1142 303 1215 taminia,
312 1141 460 1202 deductus
474 1141 508 1200 in
522 1159 654 1219 campos.
695 1139 821 1200 Mettius
832 1138 924 1199 'Iullo
934 1139 1071 1201 devictos

168 1221 268 1284 hostes
288 1222 473 1300 gratulatur,
495 1228 602 1281 eontra
628 1219 737 1280 'Iullus
765 1219 911 1293 Mettium
939 1218 1072 1298 benigne

169 1301 355 1380 adloquitur.
398 1301 490 1378 Quod
511 1300 588 1361 bene
606 1309 715 1373 vertat,
731 1308 830 1360 castra
851 1298 991 1359 Albanos
1011 1297 1072 1360 Ro

169 1382 268 1442 manis
287 1382 394 1442 castris
417 1382 547 1460 jungere
576 1378 668 1452 ubet,
687 1379 870 1440 sacrificium
892 1378 1018 1439 lustrale
1038 1379 1073 1438 in

169 1462 251 1522 diem
264 1469 417 1540 posterum
432 1470 529 1540 parat.
570 1402 635 1522 ini
650 1459 776 1532 iuluxit,
790 1459 907 1538 paratis
921 1458 1071 1532 omnibus,

117 1544 156 1607 15
170 1550 205 1604 ut
225 1540 350 1614 adsolet,
364 1541 468 1602 vocari
481 1540 522 1600 ad
537 1540 710 1601 contionem
724 1548 888 1618 utrumque
903 1539 1071 1599 exercitum

171 1620 269 1702 jubet
311 1621 489 1694 Praetores,
503 1620 543 1681 ab
557 1629 694 1680 extremo
713 1620 783 1692 orsi,
798 1621 912 1698 primos
932 1619 1074 1680 excivere

170 1701 318 1763 Albanos.
359 1700 415 1774 Hi,
430 1701 567 1762 novitate
580 1700 673 1761 etiam
688 1699 733 1760 rei
746 1699 831 1773 moti,
846 1706 882 1760 ut
896 1719 996 1779 regern
1011 1698 1072 1760 Ro

170 1801 296 1842 manum
320 1781 549 1841 contionantem
572 1779 723 1853 audirent,
746 1778 880 1860 proximi
904 1780 1071 1854 constitere

170 1861 222 1922 Ex
245 1861 400 1940 conposito
427 1869 547 1922 armata
574 1859 783 1921 circumdatur
811 1859 953 1919 Romana
975 1858 1073 1938 legio;

118 1944 157 2008 20
171 1940 398 2002 centurionibus
426 1941 533 2002 datum
560 1940 716 2020 negotium
741 1946 817 2014 erat,
841 1947 877 1999 ut
900 1939 967 1998 siue
988 1957 1075 1999 mora

171 2021 214 2082 im
254 2020 301 2080 ria
321 2030 565 2100 exsequerentur.

238 2120 290 2161 um
311 2101 355 2161 ita
375 2100 484 2162 Tullus
504 2101 589 2162 infit:
612 2104 630 2133 “
639 2098 782 2174 Romani,
796 2100 822 2160 si
842 2119 987 2180 umquam
1002 2106 1074 2159 ante

171 2179 248 2242 alias
262 2179 327 2241 ullo
341 2181 374 2240 in
388 2180 470 2242 bello
481 2181 549 2254 fuit,
559 2179 640 2261 quod
652 2181 786 2260 primum
800 2180 847 2241 dis
860 2178 1074 2240 inmortalibus

171 2261 286 2340 gratias
306 2261 444 2338 ageretis,
462 2261 571 2322 deinde
589 2271 708 2323 vestrae
728 2261 863 2340 ipsorum
878 2260 996 2334 virtuti,
1010 2260 1075 2320 hes·

118 2342 158 2404 25
172 2351 294 2402 ternum
314 2340 347 2400 id
368 2340 518 2421 proelium
538 2341 607 2401 fuit.
649 2340 841 2402 Dimicatum
858 2348 903 2401 est
916 2340 999 2400 enim
1012 2358 1075 2400 non

157 2421 269 2500 magis
298 2440 368 2481 cum
396 2420 541 2494 hostibus,
562 2441 665 2499 quam,
686 2440 764 2499 quae
791 2420 949 2481 dimicatio
976 2419 1075 2499 major

172 2508 264 2580 atque
291 2500 489 2579 periculosior
515 2509 569 2574 est,
592 2520 663 2561 oum
690 2500 863 2579 proditione
887 2519 924 2560 ac
947 2499 1075 2578 perfidia

171 2581 331 2642 sociorum.
373 2578 464 2654 Nam,
480 2601 519 2641 ne
532 2601 586 2642 vos
606 2580 685 2640 falsa
705 2580 806 2658 opinio
827 2587 938 2653 teneat,
959 2579 1075 2660 injussu

172 2680 239 2721 meo
260 2659 379 2721 Albani
399 2659 518 2721 subiere
538 2660 579 2720 ed
599 2669 726 2732 montes,
740 2679 797 2720 nec
815 2660 977 2738 imperium
994 2657 1075 2718 illud

120 2741 284 2814 tomeun,
298 2739 350 2801 sed
366 2740 524 2802 consilium
539 2748 571 2801 et
583 2739 704 2819 imperii
717 2739 873 2800 simulatio
887 2739 956 2811 fuit,
970 2747 1005 2799 ut
1019 2757 1075 2798 nec

172 2818 269 2895 vobis,
277 2819 489 2900 ignorantibus
499 2820 595 2881 deseri
603 2840 667 2893 vos,
676 2827 864 2882 averteretur
878 2839 897 2878 a
911 2819 1076 2878 certamine

173 2900 303 2972 animus,
324 2910 355 2961 et
374 2900 520 2974 hostibus,
535 2900 751 2962 circumveniri
771 2919 803 2959 se
823 2898 863 2958 ab
884 2906 969 2976 tergo
990 2898 1074 2970 ratis,

173 2989 271 3042 terror
280 3001 317 3042 ao
328 2980 362 3041 fu
412 2981 584 3041 iniceretur.
626 2978 740 3040 Necea
754 2979 956 3058 culpa,quam
970 2997 1075 3056 arguo,

173 3061 309 3120 omnium
321 3059 365 3120 Al
387 3081 516 3122 anorum
527 3070 588 3120 est:
604 3059 712 3119 ducem
723 3059 819 3120 secuti
830 3068 911 3131 sunt,
921 3065 957 3118 ut
971 3065 1001 3117 et
1012 3076 1075 3129 vos,

121 3138 160 3200 35
174 3140 200 3199 si
214 3153 274 3217 quo
289 3159 344 3217 ego
358 3140 430 3199 inde
444 3159 552 3217 agmen
566 3139 723 3199 declinare
736 3137 907 3210 voluissem,
922 3136 1075 3197 fecissetis.

174 3218 301 3278 Mettius
316 3217 371 3277 ille
383 3227 428 3278 est
440 3219 549 3278 ductor
562 3218 678 3279 itineris
692 3217 792 3298 hujus,
807 3216 935 3278 Mettius
948 3215 1077 3277 foederis
1136 3239 1140 3248 ·

175 3297 308 3358 Romani
335 3295 512 3376 Albanique
538 3306 654 3377 ruptor.
709 3295 835 3358 Audeat
861 3295 972 3356 deinde
998 3295 1077 3356 talia

174 3376 262 3450 alius,
277 3375 336 3436 nisi
350 3376 382 3436 in
396 3376 478 3437 hune
492 3375 611 3456 insigne
626 3377 694 3456 jam
710 3375 926 3437 documentum
941 3373 1076 3435 mortali-

174 3454 230 3516 bus
244 3455 385 3516 dedero.''
