2572 3790
479 249 615 297 arnan
639 250 665 316 1,
692 233 826 300 49-50.
1107 239 1149 305 69

235 404 406 484 Praecipue
429 404 473 466 ita
497 415 621 484 patrum
648 425 775 467 numero
803 407 965 482 inminuto,
988 411 1096 472 statuit

192 485 294 546 nullos
319 486 353 545 in
376 495 477 564 patres
501 485 610 564 legere,
632 506 692 565 quo
713 489 915 566 contemptior
940 490 1096 568 paucitate

191 566 259 645 ipsa
272 565 348 627 ordo
361 575 438 626 esset
452 565 611 645 minusque
625 585 680 645 per
692 585 724 626 se
738 566 817 626 nihil
836 568 887 647 agi
903 569 1097 649 indignaren-

191 655 253 708 tur.
295 646 360 706 Hic
381 645 463 705 enim
483 665 588 724 regum
610 647 727 725 primus
748 647 895 708 traditum
912 669 932 709 a
968 652 1097 714 rioribus

192 746 308 788 morem
329 724 368 786 de
387 725 528 786 omnibus
551 735 691 786 senatum
716 727 894 789 consulendi
915 672 1025 805 scivit3
1045 733 1097 794 do·
1129 734 1150 797 ὃ

191 806 326 867 mesticis
346 805 480 866 consiliis
501 825 564 866 rem
588 805 745 886 publicam
768 807 1012 884 administravit3
1032 811 1097 873 bel-

191 886 267 960 lum,
283 905 398 965 pacem,
412 885 544 960 foedera,
558 887 715 948 societates
736 907 792 969 per
812 909 843 950 se
860 883 934 970 ipse,
948 911 1016 952 cum
1031 892 1097 986 qui·

192 967 249 1061 bus
276 966 385 1040 voluit,
415 966 533 1048 injussu
559 966 665 1048 populi
695 988 733 1030 ac
760 979 892 1044 senatus,
919 971 992 1033 fecit
1019 972 1097 1034 drre·

192 1057 316 1127 mrtque.

233 1128 417 1188 Latinorum
443 1128 502 1190 sibi
530 1131 665 1191 maxime
693 1141 815 1211 gentem
843 1132 1037 1207 conciliabat,
1060 1141 1096 1194 nt
1110 1135 1151 1198 10
1181 1163 1184 1168 ¹

193 1208 360 1289 peregrinis
387 1227 507 1290 quoqne
535 1211 644 1290 opibus
673 1213 768 1274 tutior
795 1213 876 1273 inter
902 1213 983 1274 cives
1010 1223 1095 1285 esset,

193 1309 292 1369 neque
318 1289 450 1370 hospitia
478 1291 569 1352 modo
595 1312 667 1353 cnm
694 1293 879 1375 primoribus
905 1313 1018 1365 eorum,
1042 1293 1095 1354 scd

195 1369 367 1430 adfinitates
382 1390 501 1449 qnoque
511 1371 671 1452 jungebat
712 1373 844 1435 Octavio
862 1373 1003 1434 Mamilio
1022 1372 1095 1434 Tus-

196 1449 306 1510 culano
335 1450 375 1523 (is
404 1449 494 1530 longe
522 1453 663 1534 princeps
690 1453 797 1516 Latini
819 1453 950 1514 nominis
974 1463 1048 1525 erat,
1069 1452 1095 1513 si

196 1529 295 1590 famae
316 1531 475 1606 credimus,
494 1532 534 1594 ab
552 1533 650 1595 Ulixe
671 1535 796 1614 deaque·
810 1533 902 1595 Circa
923 1533 1095 1611 oriundus),
1110 1537 1149 1598 15
1269 1589 1273 1604 ,

196 1611 224 1670 ei
244 1609 384 1672 Mamilio
404 1612 501 1672 filiam
525 1623 656 1693 nuptum
681 1615 744 1688 dat,
767 1633 880 1694 perque
901 1633 951 1674 eas
972 1613 1095 1693 nuptias
1155 1603 1268 1706 sss

196 1691 307 1752 multos
320 1692 379 1752 sibi
394 1703 536 1772 cognatos
551 1696 722 1774 amicosque
736 1695 801 1773 ejus
814 1693 966 1755 conciliat.
1031 1729 1110 1748 ψ

236 1772 273 1832 L
315 1773 388 1835 Jam
410 1795 522 1854 magna
547 1774 693 1854 Tarquini
719 1775 885 1837 auctoritas
908 1775 987 1835 inter
1011 1773 1096 1834 Lati·

195 1873 303 1916 norum
332 1875 469 1934 proceres
497 1864 571 1930 erat,
595 1875 664 1916 cum
690 1856 722 1916 in
748 1856 829 1916 diem
857 1864 979 1924 certam,
1000 1863 1035 1914 ut
1055 1854 1094 1914 ad

195 1934 299 1995 hicum
329 1935 510 1996 Ferentinae
538 1936 731 2011 conveniant,
759 1935 884 2007 indicit;
919 1955 990 2007 esse,
1017 1955 1096 2014 quae
1110 1935 1150 1999 20

195 2034 286 2094 agore
306 2015 344 2076 de
365 2015 455 2076 rebus
476 2016 689 2077 communibus
703 2015 788 2079 velit.
830 2015 1025 2078 Conveniunt
1038 2016 1095 2075 fre-

195 2105 321 2174 quentes
345 2097 444 2176 prima
469 2096 555 2169 lucc;
576 2097 640 2176 ipse
662 2096 846 2177 Tarquinius
867 2096 947 2156 diem
971 2095 1095 2175 quidem

194 2176 339 2249 servavit,
361 2177 414 2236 sed
438 2177 531 2257 paulo
557 2187 742 2257 antequam
765 2177 809 2238 sol
831 2176 980 2238 occideret
1000 2176 1094 2238 venit

195 2255 299 2316 Multa
312 2257 356 2317 ibi
370 2267 433 2318 toto
448 2258 497 2318 die
511 2259 543 2318 in
560 2257 691 2319 concilio
704 2257 799 2320 variis
815 2257 933 2336 jactata
953 2256 1096 2316 sermoni-

195 2335 253 2397 bus
267 2346 363 2399 erant.
405 2337 525 2400 Turnus
541 2338 719 2399 Herdonius
733 2336 773 2398 ab
786 2336 895 2398 Aricia
908 2336 1049 2396 ferociter
1063 2335 1094 2394 in
1110 2337 1150 2400 25

195 2415 350 2480 absentem
365 2416 564 2496 Tarquinium
588 2427 654 2480 erat
673 2418 830 2479 invectus:
863 2415 962 2476 ‘haud
982 2417 1095 2475 mirum
1126 2469 1129 2474 .

194 2515 265 2568 csse,
274 2495 409 2574 Superbo
418 2495 549 2553 inditum
558 2493 859 2574 Romaecognomen’
879 2496 961 2572 (jam
968 2492 1100 2574 enimita

194 2575 275 2636 clam
289 2575 411 2654 quidem
427 2574 626 2648 mussitantes,
639 2574 730 2654 volgo
750 2584 862 2646 tamen,
877 2593 945 2633 eum
966 2594 985 2633 a
1007 2571 1099 2652 pella·

196 2659 306 2732 bant);
338 2663 396 2719 ‘an
412 2659 575 2739 quicquam
591 2656 749 2738 superbius
763 2675 825 2716 esse
839 2673 930 2733 quam
945 2594 1098 2712 ludificari

196 2739 240 2799 sio
268 2758 357 2800 omne
383 2759 493 2800 nomen
521 2738 692 2800 Latinum?
739 2733 935 2814 Principibus
962 2732 1052 2811 longe
1079 2731 1153 2796 aab

196 2819 287 2880 domo
313 2819 429 2891 excitis,
455 2820 564 2898 ipsum,
588 2819 641 2897 qni
666 2816 830 2877 concilium
856 2812 1012 2885 indixerit,
1036 2832 1098 2871 non

196 2899 308 2960 adesse.
349 2898 503 2978 Temptari
525 2899 661 2978 profecto
682 2897 872 2976 patientiam,
887 2902 932 2967 ut,
945 2893 971 2954 si
987 2893 1099 2972 jugum

196 2979 378 3058 acceperint,
399 2978 546 3041 obnoxios
567 2986 693 3057 premat.
735 2976 794 3037 Cui
815 2976 896 3036 enim
920 2993 982 3034 non
1007 2992 1099 3052 appa-

197 3078 272 3131 rere,
286 3059 440 3120 adfectare
459 3079 527 3119 eum
547 3058 708 3137 imperinm
723 3057 754 3116 in
771 3055 918 3117 Latinos?
960 3053 1050 3129 Quod
1073 3052 1098 3112 si

196 3138 244 3198 sui
265 3138 341 3200 bene
361 3138 546 3200 crediderint
567 3139 656 3208 cives,
671 3146 725 3197 aut
746 3137 772 3196 si
795 3135 943 3196 creditum
964 3133 1052 3204 illud,
1068 3143 1098 3192 et
1112 3133 1152 3194 35

197 3237 258 3278 non
276 3230 397 3298 raptum
413 3218 579 3298 parricidio
599 3219 647 3288 sit,
663 3217 783 3277 credere
798 3224 828 3276 et
842 3215 979 3286 Latinos,
995 3233 1100 3291 quam-

198 3316 289 3376 quam
312 3319 350 3360 ne
371 3299 414 3359 sic
436 3298 559 3377 quidem
585 3297 783 3374 alienigenae,
807 3294 933 3365 debere;
961 3294 1007 3353 sin
1030 3312 1098 3350 suos

197 3378 262 3455 ejus
272 3378 433 3455 paeniteat,
445 3379 558 3456 quippe
569 3377 622 3455 qui
636 3376 690 3435 alii
704 3394 794 3452 super
808 3373 884 3432 alios
899 3371 1098 3458 trucidentur,

198 3455 357 3518 exulatum
385 3465 465 3532 eant,
488 3457 633 3518 amittant
659 3453 749 3525 bona,
771 3451 846 3530 quid
873 3449 938 3526 spei
966 3445 1099 3504 mellona
