2628 3796
438 233 572 283 mnan
597 231 710 296 xxrr,
738 212 868 278 43-44.
1090 206 1152 274 187

202 412 342 475 novaque
370 390 496 453 consilia
523 389 555 449 in
584 387 656 462 dies,
681 406 742 448 uon
766 384 848 464 apud
872 381 984 444 milites
1004 379 1103 442 solum

202 477 314 537 mixtos
339 493 378 533 ex
404 469 586 532 conluvione
610 467 746 528 omnium
770 465 915 544 gentium,
937 462 1103 524 sedetiam

202 556 285 636 apud
314 555 421 615 ducem
450 551 559 630 ipsum,
582 547 767 609 oriebantur.
807 545 890 605 Nam
917 563 987 604 cum
1015 541 1104 602 initio

202 635 351 706 fremitus,
365 631 476 692 deiude
496 638 603 709 aperta
621 625 798 689 vociferatio
818 625 924 684 fuisset
944 641 1105 702 exposcen-

203 718 280 778 tium
305 711 493 793 stipendium
518 709 656 770 debitum
677 705 929 786 querentiumque
952 720 1105 763 annonam
1139 699 1159 761 5

203 797 310 876 primo,
339 798 490 872 postremo
520 789 641 860 famem,
669 797 700 848 et
727 783 950 846 mercennarios
983 781 1105 854 milites,
1211 781 1217 806 ⁸

203 875 338 938 maxime
353 871 486 951 Hispani
506 869 633 949 generis,
648 866 686 928 de
706 863 885 928 transitione
905 863 1018 943 cepisse
1038 880 1107 922 cou-

202 956 307 1016 silium
321 953 405 1012 fama
419 959 503 1023 esset,
518 951 582 1028 ipse
604 947 697 1008 etiam
718 945 873 1006 interdum
893 940 1054 1004 Hannibal
1068 940 1107 1001 de

203 1037 278 1114 fuga
292 1035 325 1093 iu
340 1031 477 1093 Galliam
491 1029 605 1090 dicitur
624 1027 763 1106 agitasse,
778 1025 822 1086 ita
842 1032 879 1085 ut
897 1023 1004 1084 relicto
1024 1020 1107 1101 pedi·

203 1124 271 1175 tatu
292 1112 375 1174 omni
396 1130 504 1171 cume
527 1107 641 1168 uitibus
660 1125 693 1167 se
711 1105 890 1199 proriperet
931 1101 1010 1198 Qum
1031 1103 1106 1194 baec
1121 1101 1160 1164 10

204 1192 332 1256 consilia
352 1199 445 1270 atque
458 1189 509 1250 hic
546 1187 646 1249 abitus
668 1203 841 1247 anrmorum
855 1191 931 1245 esset
944 1203 977 1243 ιιι
991 1189 1106 1254 castris,

202 1293 325 1342 movere
338 1271 411 1331 iude
430 1267 539 1330 statuit
558 1265 592 1326 in
612 1262 759 1326 calidiora
779 1271 871 1344 atque
890 1282 925 1324 eo
945 1261 1113 1322 maturiora

203 1351 349 1413 messibus
373 1349 508 1439 Apuliae
535 1347 611 1420 loca,
638 1344 730 1406 simul
763 1350 805 1418 ut,
832 1363 892 1423 quo
927 1341 957 1403 lo
1000 1341 1046 1401 'us
1072 1339 1112 1401 ab

204 1429 290 1490 boste
314 1434 491 1498 recessisset,
515 1425 688 1505 transfugia
712 1423 897 1504 inpeditiora
920 1421 983 1483 levi
1006 1441 1040 1482 us
1064 1420 1108 1481 iu·

204 1509 301 1589 geniis
322 1515 429 1568 esseut.
470 1504 628 1567 Profectus
648 1514 693 1566 est
714 1512 812 1576 nocte,
827 1502 949 1583 ignibus
969 1501 1108 1562 similiter
1123 1502 1161 1564 15

204 1589 295 1649 t'actis
314 1585 582 1664 tabernaculisque
602 1585 708 1665 paucis
729 1584 912 1664 inspeciem
933 1582 1057 1655 relictis,
1074 1591 1109 1644 ut

204 1669 388 1728 insidiarum
437 1685 473 1726 ar
499 1663 594 1744 priori
621 1674 720 1725 metus
748 1665 916 1725 contineret
945 1663 1108 1725 Romanos.

204 1748 265 1810 Sed
280 1768 336 1827 per
352 1686 483 1808 eundem
502 1745 664 1805 Lucanum
685 1744 842 1806 Statilium
865 1744 1005 1806 omuibus
1025 1744 1110 1804 ultra

206 1839 306 1890 castra
320 1836 403 1888 trans
426 1845 463 1886 ue
476 1825 588 1885 montis
602 1825 777 1905 exploratis,
794 1845 863 1886 cum
879 1825 1010 1886 relatum
1023 1832 1109 1897 esset,

205 1910 307 1970 visum
320 1847 428 1987 procdl
441 1905 574 1966 bostium
589 1925 707 1986 agmen,
721 1913 788 1966 tum
810 1905 849 1966 de
869 1904 1053 1985 insequendo
1074 1923 1109 1966 co
1123 1907 1163 1970 20

205 1989 335 2051 consilia
347 1987 458 2066 agitari
473 1993 590 2065 coepta
717 2045 720 2054 ,

246 2067 326 2130 Cum
346 2067 504 2146 utriusque
524 2064 657 2127 consulis
678 2066 784 2136 eadem
805 2087 883 2148 quae
902 2075 974 2130 aute
992 2087 1111 2148 semper

206 2149 313 2209 fuisset
326 2147 484 2219 sententia,
499 2154 632 2207 ceterum
647 2147 783 2209 Varroni
804 2149 867 2209 fere
885 2169 997 2222 omues,
1011 2148 1110 2209 Paulo

206 2248 297 2289 nemo
317 2235 437 2307 praeter
456 2226 630 2300 Servilium,
649 2227 759 2307 prioris
781 2228 854 2288 anni
875 2228 1038 2302 consulem,
1059 2227 1111 2288 ad-

206 2308 380 2379 sentiretur,
401 2306 523 2387 majoris
546 2306 642 2387 partis
666 2309 817 2369 sententia
841 2307 881 2370 ad
904 2307 1111 2370 nobilitandas
1125 2308 1165 2371 25

208 2388 297 2450 clade
321 2387 462 2448 Romana
485 2386 607 2447 Cannas
631 2397 760 2449 urente
784 2388 849 2450 fato
874 2388 1003 2468 profecti
1030 2395 1110 2449 suut.

208 2468 309 2547 Prope
323 2486 392 2527 eum
405 2466 509 2528 vicum
523 2409 690 2529 Hannibal
702 2477 803 2529 castra
817 2477 958 2548 posuerat
972 2487 1079 2529 aversa
1091 2488 1111 2529 a

208 2548 364 2611 Volturno
385 2554 487 2621 vento,
503 2546 557 2626 qui
578 2547 693 2642 campis
714 2549 839 2610 torridis
858 2549 996 2610 siccitate
1016 2548 1112 2610 nubes

209 2627 345 2708 pulveris
358 2627 452 2689 vehit.
494 2625 533 2687 ld
554 2646 624 2687 oum
644 2627 717 2708 1psis
739 2629 845 2691 castris
865 2628 1113 2708 percommodum
1172 2623 1178 2636 ⁸

209 2709 278 2781 fuit,
288 2715 352 2768 tum
367 2707 501 2772 salutare
515 2708 679 2789 praecipue
694 2707 833 2769 futurum
846 2718 921 2782 erat,
930 2729 1001 2770 cum
1015 2709 1111 2769 aciem
1126 2709 1166 2772 30

210 2789 385 2867 dirigerent,
407 2787 465 2867 ipsi
486 2787 594 2861 aversi,
609 2798 697 2867 terga
717 2797 838 2850 tautum
859 2788 995 2868 adflante
1009 2798 1111 2864 vento,

210 2869 243 2929 iu
257 2876 451 2928 occaecatum
464 2867 592 2946 pulvere
607 2869 702 2930 offuso
716 2869 833 2930 hostem
847 2868 1024 2949 pugnaturi.

250 2946 373 3009 XLIV.
415 2946 570 3021 Consules,
591 2950 665 3009 satis
688 2969 727 3010 ex
751 2949 855 3010 loratis
878 2949 1048 3024 itineribus,
1068 2969 1112 3011 se·

210 3028 331 3108 quentis
351 3027 498 3101 Poenum,
513 3036 548 3088 ut
563 3038 688 3090 ventum
703 2970 749 3089 ad
757 3029 880 3090 Cannas
894 3038 939 3091 est
952 3039 983 3090 et
996 3030 1027 3089 in
1043 3049 1112 3090 con·

209 3118 316 3189 spectu
336 3107 475 3168 Poenum
496 3107 660 3182 habebant,
675 3108 750 3169 bina
770 3119 870 3170 castra
891 3109 1113 3183 communiunt,
1127 3110 1166 3172 35

210 3189 316 3250 eodem
330 3187 424 3248 ferme
436 3186 600 3249 intervallo
611 3209 670 3267 quo
685 3188 725 3249 ad
739 3187 932 3262 Gereonium,
939 3189 1018 3250 sicut
1031 3199 1112 3261 aute,

211 3270 306 3348 copiis
327 3268 441 3330 divisis.
483 3267 616 3329 Aufidus
640 3269 748 3341 amuis,
771 3269 906 3347 utrisque
930 3269 1036 3329 castris
1061 3267 1113 3327 ad-

210 3349 318 3422 fluens,
332 3349 450 3409 aditum
472 3348 670 3427 aquatoribus
684 3368 723 3407 ex
737 3367 793 3406 sua
806 3349 952 3426 cujusque
972 3356 1114 3422 opportu-

211 3430 309 3488 nitate
337 3428 422 3488 baud
449 3428 514 3488 siue
543 3427 708 3488 certamine
735 3425 847 3497 dabat;
878 3444 918 3484 ex
946 3421 1113 3482 minoribus
