2616 3790
122 237 184 303 166
294 250 384 299 r1r1
411 248 510 300 nm
534 248 590 298 aa
616 247 730 299 vans.
759 247 951 298 conum

173 411 310 472 animum
324 407 445 487 adjecit,
460 426 528 466 eam
548 426 642 467 unam
662 425 726 466 rem
747 406 881 468 maxime
900 415 985 468 ratus
1007 427 1077 468 con·

174 491 349 552 ciliaturam
364 487 511 548 Romanis
525 487 699 566 principum
714 487 884 566 Hispaniae
898 487 1075 548 amicitiam.

174 571 233 631 Sed
248 589 318 630 cum
339 568 455 647 injussu
469 567 605 628 Bostaris
626 565 773 645 praefecti
793 567 866 626 satis
886 567 976 628 sciret
995 567 1077 627 nihil

126 697 127 700 ,
174 649 315 712 obsidum
329 647 467 708 custodes
484 645 617 708 facturos
637 665 709 718 esse,
723 645 881 707 Bostarem
896 647 996 726 ipsum
1010 656 1078 708 arte

142 733 161 792 5
175 729 362 810 adgreditur.
404 726 513 788 Castra
526 735 616 787 extra
629 725 736 785 urbem
750 724 784 786 in
798 726 863 806 ipso
877 725 967 787 litore
987 727 1078 787 habe·

175 811 230 871 bat
243 809 362 880 Bostar,
372 815 406 867 ut
420 807 539 867 aditum
550 825 586 868 ea
596 814 683 884 parte
692 805 910 868 intercluderet
921 807 1077 868 Romanis.

177 890 226 950 Ibi
249 909 319 951 eum
343 887 376 947 in
400 895 548 948 secretum
572 885 749 960 abductum,
769 886 857 948 velut
876 886 1077 966 ignorantem,

177 979 287 1040 monet,
302 987 362 1046 quo
376 975 458 1027 statu
472 967 512 1027 sit
526 986 589 1027 res:
613 970 744 1027 ‘metum
759 966 942 1027 continuisse
955 966 996 1027 ad
1007 987 1078 1027 eam

176 1051 257 1110 diem
272 1048 482 1126 Hispanorum
495 1047 621 1120 animos,
637 1046 710 1125 quia
722 1045 830 1125 procul
845 1045 978 1108 Romani
996 1046 1080 1108 abes·

124 1131 163 1193 10
176 1138 259 1202 sent;
280 1147 363 1188 nunc
377 1126 419 1186 cis
435 1126 589 1187 Hiberum
610 1135 710 1188 castra
730 1127 872 1187 Romana
891 1147 962 1201 esse,
976 1143 1079 1187 arcem

176 1219 276 1270 tutam
301 1206 533 1287 perfugiumque
557 1227 653 1268 novas
677 1205 850 1269 volentibus
874 1228 939 1282 res;
965 1207 1078 1286 itaque,

176 1310 250 1369 quos
275 1296 372 1348 metus
393 1307 455 1347 non
475 1295 586 1359 teneat,
608 1286 753 1348 beneficio
775 1295 806 1348 et
824 1287 925 1367 gratia
945 1287 1079 1350 devinci-

176 1369 269 1430 endos
283 1367 363 1428 esse.'
406 1366 536 1427 Miranti
550 1366 673 1428 Bostari
692 1368 972 1447 percunctantique,
986 1367 1080 1447 quod-

177 1470 249 1510 nam
270 1448 303 1509 id
323 1446 458 1509 subitum
479 1455 584 1507 tantae
604 1447 649 1508 rei
670 1447 784 1508 donum
799 1457 899 1527 posset
915 1467 986 1521 esse,
1000 1452 1019 1480 “
1028 1447 1080 1508 ob-

125 1533 163 1593 15
177 1527 283 1591 sides''
304 1527 405 1607 inquit
426 1527 485 1586 “in
506 1527 646 1589 civitates
667 1530 796 1589 remitte.
836 1526 876 1588 Id
890 1536 921 1590 et
934 1529 1080 1608 privatim

178 1608 364 1690 parentibus,
380 1627 510 1686 quorum
523 1627 705 1669 maxumum
725 1617 914 1669 momentum
927 1609 960 1670 in
974 1609 1081 1670 civita·

178 1689 261 1750 tibus
273 1696 319 1749 est
331 1689 402 1761 suis,
417 1695 447 1748 et
467 1686 590 1767 publice
610 1687 731 1768 populis
750 1698 874 1768 gratum
894 1689 961 1750 erit.
1002 1687 1081 1750 Volt

177 1770 238 1830 sibi
257 1769 386 1848 quisque
405 1767 497 1838 credi,
511 1776 543 1828 et
562 1767 669 1828 habita
689 1768 762 1829 fides
782 1769 881 1848 ipsam
901 1768 1082 1849 plerumque

178 1849 296 1929 obligat
319 1848 419 1908 fidem.
461 1847 667 1908 Ministerium
694 1848 950 1910 restituendorum
977 1849 1081 1910 domos

126 1933 166 1994 20
180 1930 319 1990 obsidum
339 1927 480 1989 mihimet
500 1927 629 2006 deposco
643 1927 715 2007 ipse,
729 1938 765 1989 ut
785 1947 877 2008 opera
897 1949 1016 2008 quoque
1035 1929 1081 1988 in-

179 2030 273 2091 pensa
287 2009 448 2071 consilium
461 2007 605 2087 adjuvem
618 2028 729 2082 meum,
743 2017 774 2069 et
788 2009 831 2070 rei
845 2018 952 2089 suapte
970 2016 1082 2069 natura

201 2100 286 2151 ratae
310 2097 456 2168 quantam
480 2087 603 2168 insuper
626 2088 759 2166 gratiam
783 2089 895 2168 possim
919 2087 1081 2150 adiciam.’'

179 2113 310 2231 iiomini
334 2189 396 2228 non
419 2167 459 2228 ad
483 2177 584 2228 cetera
611 2168 731 2229 Punica
757 2168 882 2248 ingenia
908 2168 1022 2230 callido
1046 2175 1083 2230 ut

180 2249 337 2330 persuasit,
347 2256 436 2308 noete
451 2247 530 2308 clam
542 2267 714 2328 progressus
727 2248 768 2308 ad
782 2249 914 2310 hostium
927 2249 1081 2322 stationes,

128 2334 167 2395 25
181 2329 337 2391 conventis
351 2327 534 2408 quibusdam
554 2328 759 2389 auxiliaribus
774 2329 921 2409 Hispanis
935 2337 966 2390 et
979 2328 1019 2391 ab
1033 2328 1082 2389 his

181 2411 220 2472 ad
241 2410 414 2490 Scipionem
434 2407 607 2485 perductus,
622 2408 696 2488 quid
710 2408 851 2484 adferret,
865 2410 1027 2489 expromit,
1041 2416 1081 2481 et,

180 2491 240 2552 fide
253 2497 379 2569 accepta
393 2487 533 2567 dataque,
543 2507 579 2549 ac
593 2489 661 2549 loco
674 2497 705 2550 et
718 2497 853 2569 tempore
863 2489 1027 2550 constituto
1040 2487 1083 2548 ad

180 2570 299 2632 obsides
313 2567 484 2641 tradendos,
498 2566 539 2628 Sa
581 2576 670 2630 ntum
683 2568 771 2630 redit.
813 2568 905 2630 Diem
924 2569 1082 2648 insequen-

181 2659 243 2711 tem
263 2648 433 2728 absumpsit
453 2667 522 2708 cum
539 2588 673 2708 Bostare
692 2648 844 2710 mandatis
858 2649 898 2709 ad
913 2669 977 2709 rem
991 2668 1081 2728 agen·

129 2734 168 2795 30
181 2731 253 2790 dam
268 2727 461 2808 accipiendis.
503 2727 664 2801 Dimissus,
678 2748 748 2789 eum
761 2748 793 2788 se
807 2737 895 2790 noete
907 2729 1032 2802 iturum,
1046 2737 1083 2788 ut

182 2809 332 2876 custodias
353 2807 485 2868 hostium
505 2807 636 2882 falleret,
658 2807 869 2882 constituisset,
886 2808 927 2869 ad
948 2808 1083 2888 conposi-

181 2899 245 2951 tam
270 2909 341 2949 cum
365 2888 401 2947 iis
426 2888 533 2949 horam
557 2888 699 2949 excitatis
722 2888 899 2950 custodibus
918 2907 1083 2968 puerorum

181 2969 343 3051 profectus,
363 2967 461 3030 veluti
475 2969 606 3047 ignarus
626 2968 659 3028 in
683 2977 879 3049 praeparatas
899 2983 955 3029 sua
975 2967 1084 3029 fraude

181 3051 307 3112 insidias
326 3047 420 3109 ducit.
461 3047 501 3108 In
521 3056 621 3109 eastra
641 3049 781 3110 Romana
801 3049 961 3128 perducti3
983 3057 1085 3109 cetera

129 3133 167 3192 35
182 3132 285 3192 omnia
299 3131 337 3190 de
351 3127 513 3189 reddendis
527 3128 691 3202 obsidibus,
700 3129 779 3190 sicut
793 3149 863 3189 cum
877 3128 1004 3190 Bostare
1015 3149 1084 3188 con·

181 3212 321 3271 stitutum
337 3215 411 3281 erat,
427 3216 496 3268 acta
510 3228 564 3287 per
577 3209 707 3268 eundem
721 3208 868 3282 ordinem,
883 3229 943 3288 quo
964 3207 990 3268 si
1010 3207 1084 3269 Car·

182 3288 421 3368 thaginiensium
432 3289 554 3347 nomine
564 3288 607 3348 sic
618 3298 767 3364 ageretur.
808 3287 910 3368 Major
923 3287 1083 3367 aliquanto

95 3415 97 3418 .
182 3369 392 3428 Romanorum
419 3366 520 3442 gratia
547 3365 606 3427 fuit
633 3367 665 3425 in
693 3388 726 3428 re
753 3369 829 3447 pari,
851 3388 944 3447 quam
968 3375 1085 3448 quanta

182 3447 287 3508 futura
305 3445 603 3524 Carthaginiensium
625 3445 733 3510 fuerat.
775 3448 851 3510 Illos
876 3449 959 3511 enim
981 3447 1085 3530 gravis
