2616 3790
148 229 210 294 122
317 247 409 295 r1r1
435 246 612 297 n1v1an
637 247 755 296 vanu
783 247 975 296 counrrn

198 411 316 466 certum
329 402 437 478 habeo,
449 403 549 464 utrius
569 402 720 464 exercitus
740 403 780 464 sit
800 403 915 466 consul.
957 403 1028 465 Non
1042 425 1098 484 ego

198 483 280 544 illud
300 483 389 562 parvi
409 484 544 555 aestimo,
558 483 681 556 milites,
695 483 777 562 quod
792 504 881 545 nemo
894 491 941 544 est
953 494 1098 558 vestrum,

199 565 285 644 cujus
311 583 373 624 non
400 571 472 623 ante
498 561 601 624 oculos
624 563 689 641 ipse
711 583 800 642 saepe
820 563 955 624 militare
974 563 1099 642 aliquod

198 644 345 704 ediderim
360 642 486 715 facinus,
501 642 553 703 cui
565 663 625 704 non
641 642 722 703 idem
736 662 791 722 ego
804 642 929 705 virtutis
947 653 1100 722 spectator

165 723 455 789 auctoramenta
468 722 655 802 temporibus
675 723 810 802 locisque
829 723 942 784 referre
960 743 1016 784 sua
1034 743 1100 802 pos·

198 804 256 864 eim
269 803 388 863 decora.
429 801 508 862 Cum
521 802 655 863 laudatis
668 823 688 863 a
701 823 750 863 me
768 802 889 864 miliens
908 803 1100 882 donatisque,

199 882 342 944 alumnus
369 881 454 962 prius
481 883 617 942 omnium
641 891 777 945 vestrum
804 903 897 962 quam
924 883 1099 962 imperator,

198 962 360 1042 procedam
384 963 418 1022 in
441 961 538 1023 aciem
559 962 704 1024 adversus
725 963 845 1042 ignotos
865 963 946 1024 inter
965 983 998 1024 se
1016 963 1100 1042 igno-

197 1052 298 1103 rantes
319 1063 366 1104 ue.

146 1125 185 1187 10
237 1064 361 1184 XLiV.
415 1123 617 1202 Quocumque
649 1122 826 1184 circumtuli
860 1122 972 1197 oculos,
1006 1122 1100 1203 plena

198 1203 300 1263 omnia
320 1203 410 1264 video
430 1204 601 1264 animorum
623 1223 660 1264 ac
681 1202 814 1264 roboris:
843 1211 1022 1265 veteranum
1050 1223 1100 1282 pe·

198 1281 302 1356 ditem,
330 1283 627 1362 generosissimarum
654 1283 792 1362 gentium
820 1284 937 1362 equites
955 1283 1099 1344 'frenatos

192 1361 425 1440 infrenatosque,
446 1381 500 1423 vos
529 1360 624 1420 socios
644 1360 832 1422 fidelissimos
853 1361 1099 1441 fortissimosque,

192 1461 254 1513 vos,
275 1439 547 1520 Carthaginienses,
568 1461 638 1500 cum
659 1461 718 1520 pro
745 1440 847 1519 patria
873 1449 940 1500 tum
961 1441 1000 1503 ob
1010 1441 1100 1501 ‘iram

145 1518 398 1597 injustissimam
418 1528 622 1658 pugnaturos.
674 1518 840 1581 Inferimus
866 1520 983 1581 bellum
1010 1521 1100 1583 infes-

197 1598 296 1676 tisque
309 1598 404 1676 signis
440 1599 629 1660 escendimus
642 1599 676 1660 in
691 1598 827 1673 Italiam,
843 1609 929 1661 tanto
950 1601 1099 1663 audacius

197 1677 365 1756 fortiusque
378 1679 544 1757 pugnaturi
557 1699 651 1757 quam
664 1679 768 1752 hostis,
782 1689 898 1758 quanto
911 1682 1009 1760 major
1021 1702 1098 1760 spes,

197 1757 294 1836 major
307 1768 353 1819 eet
366 1758 486 1820 animus
500 1758 656 1820 inferentis
670 1760 733 1821 vim
748 1781 841 1840 quam
855 1761 995 1822 arcentis.
1037 1762 1098 1824 Ac-

197 1839 299 1900 cendit
319 1848 477 1918 praeterea
497 1848 528 1901 et
547 1840 687 1902 stimulat
710 1841 829 1902 animos
852 1841 947 1916 dolor,
973 1843 1097 1922 injuria,

143 1920 183 1982 20
196 1918 371 1998 indignitas.
412 1919 465 1981 Ad
475 1921 662 2001 supplicium
671 1922 912 2002 depoposcerunt
925 1942 974 1983 me
988 1924 1097 1984 ducem

80 2015 82 2018 ·
196 1999 339 2079 primum,
363 2000 472 2062 deiude
495 2022 549 2064 vos
572 2022 685 2077 omnes,
709 2003 762 2082 qui
786 2003 958 2082 Saguntum
982 2023 1098 2083 oppug-

196 2081 338 2153 nassetis;
358 2081 476 2142 deditos
500 2082 617 2143 ultimis
641 2082 827 2145 cruciatibus
854 2083 1006 2144 adfecturi
1033 2083 1097 2144 fue-

195 2170 276 2221 runt.
318 2160 534 2223 Crudelissima
554 2183 590 2224 ac
610 2163 825 2242 superbissima
837 2183 911 2242 gens
924 2183 981 2224 sua
994 2165 1098 2224 omnia

194 2242 301 2320 suique
315 2241 435 2302 arbitrii
449 2243 540 2315 facin
556 2263 625 2303 cum
640 2242 751 2323 quibus
764 2242 891 2315 bellum,
904 2263 974 2304 cum
985 2243 1097 2324 quibus

142 2321 299 2400 rapacem
315 2321 489 2396 habeamus,
503 2343 534 2383 sc
547 2323 672 2383 modum
692 2323 837 2403 inponere
857 2343 964 2384 aecum
985 2333 1096 2385 censet

194 2400 425 2463 Circumscribit
461 2403 652 2482 includitque
684 2424 739 2464 nos
772 2405 910 2465 terminia
944 2405 1097 2466 montium

194 2482 424 2562 fluminumque,
439 2502 513 2562 quos
533 2503 594 2543 non
615 2483 807 2556 excedamus,
826 2503 925 2564 neque
944 2505 1003 2558 cos,
1021 2505 1097 2564 quos

105 2593 108 2599 ,
193 2563 310 2635 statuit,
321 2563 465 2623 terminos
479 2562 627 2625 observat.
664 2567 683 2602 “·
690 2562 721 2623 N
723 2585 739 2624 e
753 2564 909 2625 transieris
923 2563 1095 2625 Hiberum!

187 2643 315 2721 nequid
336 2642 379 2702 rei
399 2641 456 2702 tibi
476 2642 515 2702 sit
535 2662 604 2702 cum
618 2639 838 2720 Saguntinisl''
880 2639 954 2702 “At
972 2663 1034 2702 uon
1054 2641 1095 2702 od

135 2719 174 2780 30
188 2721 338 2782 Hiberum
366 2730 410 2780 est
444 2720 641 2800 Saguntum.’'
691 2719 880 2800 “Nusquam
907 2729 939 2782 te
965 2723 1094 2802 vestigio

187 2800 358 2862 moverisi''
400 2801 515 2861 Parum
542 2809 595 2872 est,
617 2799 697 2879 quod
718 2800 895 2861 veterrimas
921 2802 1096 2880 provincias

188 2901 269 2941 meas
296 2881 431 2940 Siciliam
466 2899 502 2939 ac
535 2879 709 2940 Sardiniam
735 2880 866 2940 adimis?
921 2881 1026 2941 Etiam
1059 2882 1095 2940 ia

188 2959 363 3040 Hispanias,
391 2969 430 3032 et,
457 2960 484 3019 ai
516 2959 587 3019 inde
621 2978 743 3032 cessero,
770 2960 803 3019 in
837 2959 978 3020 Africam
1012 2969 1095 3020 tran·

186 3041 330 3101 scandes?
376 3037 569 3100 Transcendes
595 3039 718 3099 autem?
759 3039 990 3100 Transcendisse
1016 3039 1094 3102 dico.

139 3116 177 3177 35
192 3117 278 3178 Duos
292 3116 428 3178 consules
443 3116 532 3194 hujus
546 3115 629 3188 anni,
644 3135 738 3174 unum
754 3115 787 3174 iu
801 3117 950 3190 Africam,
961 3117 1094 3177 alterum

192 3198 225 3255 in
252 3196 437 3274 Hispaniam
465 3195 621 3254 miseruut.
663 3193 752 3253 Nihil
779 3215 908 3274 usquam
935 3196 1023 3256 nobis
1050 3216 1095 3255 re·
1202 3211 1207 3220 ·

191 3274 299 3335 lictum
333 3282 387 3346 est,
414 3273 473 3332 nisi
501 3273 581 3350 quod
615 3273 707 3332 armis
740 3274 970 3336 vindicarimus.
1025 3274 1094 3334 Illis

190 3354 308 3414 timidis
328 3361 359 3412 et
379 3351 498 3430 ignavis
518 3371 580 3411 esse
600 3351 681 3424 licet,
703 3353 755 3430 qui
776 3365 945 3433 respectum
966 3353 1092 3427 habent,

193 3453 266 3508 quos
279 3451 335 3494 sua
347 3439 524 3503 terramus
543 3449 616 3508 ager
635 3450 690 3508 per
710 3439 779 3491 tuta
797 3453 834 3493 ac
854 3442 965 3512 pacata
981 3433 1093 3504 itinera
