2616 3790
482 223 615 274 menn
639 225 753 294 xxn,
780 209 908 277 11-12.
1128 221 1192 285 155

241 389 342 445 tantos
356 401 376 444 a
389 380 483 444 classe
499 381 616 444 Punica
631 383 713 444 circa
726 394 848 464 portum
863 385 1014 449 Cosanum
1035 400 1140 472 captas

242 483 312 524 esse.
354 462 465 542 Itaque
485 463 639 543 extemplo
653 465 758 524 consul
773 464 892 527 Ostiam
912 469 1062 547 proficisci
1077 475 1140 554 jus·

241 564 300 617 sus,
310 543 509 623 navibusque,
519 564 597 623 quae
609 544 649 606 ad
664 545 771 605 urbem
781 545 953 608 Romanam
967 560 1022 613 aut
1035 552 1141 616 Ostiae

242 633 348 698 essent,
361 625 510 704 conpletis
531 625 629 686 milite
648 644 685 686 ac
704 627 868 690 navalibus
887 631 984 705 sociis,
1002 637 1141 716 persequi

241 703 374 765 hostium
395 705 520 766 classem
535 726 572 766 ac
587 706 679 768 litora
693 706 805 770 Italiae
819 712 922 772 tutari.
963 711 1140 796 Magnesia
1173 717 1194 781 5

241 785 399 846 hominum
427 787 598 867 conscripta
626 789 743 850 Romae
767 800 848 864 erat3
872 792 1010 856 libertini
1036 796 1139 870 etiam,

240 866 350 947 quibus
363 866 454 928 liberi
471 877 568 930 essent
589 879 619 931 et
638 879 721 931 aetas
742 871 892 948 militaris,
907 874 941 935 in
953 875 1048 939 verbs
1056 879 1140 958 jura·

240 957 357 1010 verant.
401 950 453 1010 Ex
467 948 525 1011 hoc
539 950 657 1012 urbano
671 953 818 1026 exercitu,
833 954 886 1033 qui
907 955 1037 1018 minores
1053 959 1140 1052 quin·

240 1051 298 1110 que
312 1039 342 1091 et
355 1030 485 1112 triginta
504 1032 592 1092 annis
605 1041 702 1106 erant,
716 1032 748 1093 in
769 1035 858 1096 navis
878 1034 1011 1116 inpositi,
1025 1037 1090 1112 alri,
1105 1047 1140 1100 ut

239 1112 308 1174 urbi
322 1113 536 1192 praesiderent,
551 1114 658 1177 relicti.
1154 1121 1193 1184 10

278 1193 358 1256 XII.
399 1195 550 1270 Dictator,
559 1197 694 1258 exercitu
709 1197 841 1259 consulis
854 1205 979 1279 accepto
992 1217 1013 1260 a
1026 1196 1139 1261 Fulvio

237 1270 351 1336 Flacco
372 1275 482 1356 legato,
497 1297 552 1356 per
571 1298 679 1356 agrum
700 1277 849 1339 Sabinum
863 1278 970 1353 Tibur,
983 1297 1043 1360 quo
1057 1279 1138 1341 diem

238 1356 278 1416 sd
307 1357 548 1418 conveniendum
576 1358 715 1420 edixerat
741 1359 829 1421 novis
855 1358 1017 1433 militibus,
1043 1361 1138 1424 venit.

233 1434 315 1498 ¹Inde
335 1437 496 1499 Praeneste
516 1457 552 1499 ac
573 1439 752 1501 transversis
770 1439 920 1501 limitibus
933 1441 967 1500 in
982 1439 1066 1502 viam
1079 1440 1138 1502 Ia·

236 1517 333 1578 tinam
348 1528 392 1580 est
405 1540 547 1600 egressus,
563 1521 654 1594 unde,
668 1520 828 1581 itineribus
846 1539 965 1581 summa
979 1539 1049 1581 cum
1062 1539 1137 1582 curs
1151 1521 1190 1585 15

236 1600 411 1679 exploratis,
423 1600 467 1661 ad
481 1601 596 1662 hostem
611 1600 706 1675 ducit,
720 1601 808 1662 nullo
823 1601 899 1674 loco,
914 1601 973 1662 nisi
987 1609 1135 1680 quantum

234 1681 395 1742 necessitas
423 1691 552 1762 cogeret,
576 1683 716 1744 fortunae
742 1702 774 1743 se
802 1682 1022 1744 commissurus.
1064 1681 1135 1760 Quo

234 1760 365 1838 primum
382 1762 431 1824 die
444 1762 520 1824 baut
534 1763 641 1844 procul
655 1763 751 1844 Arpis
770 1763 804 1823 in
825 1772 987 1842 conspectu
1001 1761 1133 1824 hostium

233 1841 334 1933 posuit
348 1853 456 1918 castra,
470 1844 559 1905 nulla
572 1865 657 1905 mora
670 1844 762 1917 facta,
772 1843 845 1924 quin
857 1843 976 1904 Poenus
994 1842 1134 1904 educeret

232 1940 266 1996 pn
276 1922 373 1983 aciem
384 1925 562 2005 copiamque
571 1925 729 2004 pugnandi
739 1924 861 1985 faceret.
894 1922 954 1984 sed
965 1923 1019 1984 ubi
1030 1923 1133 2002 quieta
1148 1923 1187 1987 20

232 2002 335 2063 omnia
349 2013 425 2084 aput
439 2004 538 2066 hostes
548 2025 604 2066 nec
615 2014 715 2066 cestra
725 2005 790 2066 ullo
800 2004 936 2066 tumultu
947 2012 1030 2065 meta
1039 2003 1132 2078 videt,

231 2081 391 2164 increpans
418 2085 551 2168 quidem,
571 2086 685 2149 ‘victos
711 2082 847 2147 tandem'
866 2084 996 2146 Martios
1016 2084 1133 2144 animos

231 2161 388 2240 Romanis,
402 2165 649 2250 debellatumque
669 2175 700 2228 et
719 2185 892 2228 eoncessum
914 2163 1073 2245 propalam
1089 2163 1133 2256 ‘de

230 2243 346 2306 virtute
358 2266 395 2308 ac
408 2246 508 2330 gloria
517 2248 597 2322 esse,'
609 2248 642 2309 in
655 2254 755 2308 eastra
768 2246 875 2319 rediit3
890 2255 1024 2306 ceterum
1038 2251 1132 2305 tacita

230 2344 305 2386 cura
325 2327 463 2388 animum
476 2328 607 2404 incessit,
621 2328 703 2409 quod
717 2347 788 2388 eum
801 2327 879 2388 duce
892 2325 1131 2408 haudquaquam
1145 2323 1185 2386 25

230 2404 367 2467 Flamini
388 2407 618 2490 Semproniique
637 2407 732 2469 simili
746 2408 851 2472 futura
863 2405 922 2467 sibi
935 2426 982 2466 res
996 2414 1080 2498 esset,
1095 2424 1132 2498 ac

229 2493 296 2546 tum
310 2487 442 2563 demum,
457 2489 557 2566 edocti
570 2488 669 2563 malis,
684 2489 817 2550 Romani
833 2507 938 2568 parem
956 2484 1130 2546 Hannibali

228 2566 338 2628 ducem
367 2569 561 2649 quaesissent.
613 2569 656 2631 Et
683 2569 880 2649 prudentiam
907 2565 1031 2648 quidem
1058 2565 1131 2627 nevi

228 2646 387 2710 dictatoris
414 2651 568 2732 extemplo
594 2650 716 2724 timuit;
749 2647 952 2711 constantiam
978 2645 1129 2707 hautdum

227 2739 381 2809 expertus,
395 2731 512 2812 agitare
526 2751 562 2793 ac
576 2739 726 2814 temptare
746 2731 884 2791 animum
904 2726 1053 2790 movendo
1068 2747 1129 2786 cre·
1143 2724 1182 2787 30

227 2805 283 2870 bro
294 2820 394 2872 castra
404 2811 639 2895 populandoque
652 2812 685 2872 in
699 2811 794 2872 oculis
804 2811 867 2890 ejus
878 2829 966 2889 agros
978 2807 1129 2870 sociorum

226 2890 343 2968 coepit;
364 2901 395 2954 et
409 2892 499 2953 modo
513 2892 607 2954 citato
628 2892 750 2970 agmine
770 2911 809 2952 ex
830 2898 992 2969 conspectu
1013 2886 1127 2960 abibat,

226 2969 317 3031 modo
331 2981 455 3052 repente
468 2972 501 3033 in
515 2972 618 3051 aliquo
632 2971 715 3032 flexu
729 2972 806 3046 viae,
817 2970 843 3031 si
857 2970 998 3049 excipere
1011 2967 1128 3107 deqpes·

226 3068 292 3108 sum
308 3051 340 3110 in
354 3073 485 3132 aequum
499 3061 607 3133 posset,
622 3051 760 3113 occultus
778 3049 969 3112 subsistebat.
1011 3047 1058 3108 Fa
1081 3067 1127 3108 rus

227 3149 281 3208 per
294 3129 362 3192 loca
375 3132 440 3193 elta
453 3154 562 3212 agmen
576 3132 716 3206 ducebat,
732 3132 850 3192 modico
870 3129 910 3191 ab
930 3129 1016 3190 hoste
1036 3128 1126 3187 inter·
1141 3125 1179 3186 35
1285 3129 1286 3167 l

227 3209 317 3283 vallo,
333 3221 368 3272 ut
385 3233 483 3292 neque
503 3213 656 3274 omitteret
676 3233 746 3273 eum
766 3231 863 3291 neque
884 3208 1125 3289 congrederetur.
1284 3215 1285 3222 ’

226 3287 349 3365 Castris,
366 3293 425 3352 nisi
445 3302 595 3373 quantum
617 3310 688 3352 usus
707 3291 867 3352 necessarii
882 3295 1032 3367 cogerent,
1047 3296 1126 3346 tene-

225 3366 317 3430 batur
338 3371 441 3444 miles3
469 3371 616 3450 pabulum
639 3380 669 3430 et
689 3371 775 3448 ligna
795 3388 851 3427 nec
872 3368 962 3444 pauci
983 3365 1126 3453 petebant

224 3467 280 3508 nee
295 3451 405 3528 passim
418 3472 425 3524 ;
446 3451 583 3529 equitum
597 3449 733 3525 levisque
753 3453 926 3506 armaturae
944 3449 1044 3508 statio,
1059 3457 1126 3495 con·

5 3716 262 3735 Ἥ-
275 3732 279 3735 .
