2616 3790
451 240 586 288 menn
610 241 705 308 xxr,
731 224 861 290 48-49.
1090 227 1153 294 lar

202 399 265 479 ejus
278 406 361 459 terra
374 396 512 476 marique
526 417 573 457 res
586 405 695 476 gestae.
735 397 859 478 Viginti
872 397 946 478 quin
968 418 1101 460 ueremes

202 499 270 540 cum
286 478 372 538 mille
386 477 513 538 armatis
525 477 566 538 ad
579 477 824 557 depopulandam
846 499 930 539 oram
946 418 1063 540 ltaliae
1082 501 1102 541 a

201 556 506 638 Carthaginiensibus
530 558 654 631 missae;
675 577 785 620 novem
810 558 948 638 Liparas,
970 568 1038 620 octo
1061 560 1102 620 ad

201 638 335 699 insulam
358 636 496 699 Vulcani
518 646 692 712 tenuerunt,
713 646 773 699 tres
797 638 829 699 in
854 638 965 700 fretum
989 640 1103 701 avertit

201 727 309 780 aestus
351 717 403 779 Ad
434 737 485 779 eas
520 729 694 798 conspectas
720 739 740 779 a
766 717 908 780 Messana
941 717 1102 780 duodecim
1136 723 1157 785 5

200 818 294 860 naves
314 797 354 859 ab
375 798 514 860 Hierone
537 819 608 878 rege
631 799 891 879 Syracusanorum
912 798 1028 872 missae,
1049 799 1102 880 qui

200 888 267 940 tum
288 878 366 939 forte
387 877 546 940 Messanae
567 888 633 940 erat
653 877 808 940 consulem
825 878 999 940 Romanum
1013 899 1104 959 oppe-

200 959 290 1030 riens,
310 957 398 1018 nullo
418 967 610 1039 repugnante
630 968 736 1038 captas
760 978 853 1020 naves
875 958 1046 1019 Messanam
1069 960 1103 1020 in

201 1049 323 1117 portum
338 1037 541 1100 deduxerunt
582 1039 748 1119 Cognitum
768 1058 808 1099 ex
829 1039 968 1118 captivis,
1004 1049 1103 1100 raeter

201 1117 314 1197 viginti
337 1137 440 1192 naves,
466 1119 553 1199 cujus
578 1119 636 1199 ipsi
660 1119 763 1180 classis
787 1129 893 1193 essent,
918 1120 951 1180 in
976 1059 1103 1180 ltaliam
1117 1124 1157 1186 10

200 1199 316 1278 missas,
331 1197 466 1279 quinque
487 1207 518 1260 et
541 1200 671 1280 triginta
697 1199 775 1260 alias
801 1199 1031 1280 quinqueremes
1057 1200 1103 1261 Si·

201 1277 307 1338 ciliam
319 1287 422 1358 petere
435 1278 475 1339 ad
488 1278 699 1342 sollicitandos
706 1288 824 1342 vetares
833 1281 945 1353 scci0s;
960 1279 1102 1360 Lilybaei

200 1357 372 1437 occupandi
392 1359 590 1439 praecipuam
612 1380 716 1420 curam
738 1379 818 1432 esse;
846 1360 976 1433 credere,
996 1361 1103 1421 eadem

201 1446 390 1518 tempestate,
404 1458 465 1517 qua
479 1439 537 1518 ipsi
551 1439 670 1519 disjecti
684 1441 793 1513 forent,
807 1459 875 1500 eam
893 1459 1013 1520 quoque
1030 1439 1104 1501 clas-

201 1537 264 1578 sem
277 1518 318 1578 ad
332 1517 460 1598 Aegatis
473 1519 588 1580 insulas
602 1520 759 1600 dejectam
795 1519 891 1594 Haec,
905 1520 985 1580 sicut
996 1519 1105 1581 audita
1119 1523 1157 1584 15

201 1607 300 1671 erant,
323 1617 379 1658 rex
402 1597 447 1659 M.
470 1598 605 1660 Aemilio
628 1599 772 1678 praetori,
797 1600 883 1660 cu'us
910 1598 1017 1661 Sicilia
1036 1620 1104 1679 pro·

202 1677 306 1740 vincia
320 1687 394 1751 erat,
406 1679 575 1757 perscribit,
585 1689 755 1760 monetque,
769 1688 806 1740 ut
818 1621 1003 1760 Ililybaeum
1016 1681 1104 1741 firmo

201 1765 320 1820 teneret
333 1757 491 1836 praesidio.
533 1758 701 1839 Extemplo
713 1768 745 1821 et
758 1778 779 1820 a
792 1770 930 1839 praetore
940 1760 1021 1822 circa
1031 1761 1104 1823 eivi-

202 1844 278 1896 tates
301 1836 384 1897 missi
411 1836 504 1916 legati
531 1836 715 1918 tribunique,
743 1839 795 1920 qui
827 1859 896 1900 snos
930 1841 970 1900 ad
1004 1860 1107 1901 curam

201 1915 356 1976 custodiae
389 1915 588 1990 intenderent,
623 1923 649 1977 ct
686 1925 758 1980 ante
791 1919 894 1980 omnia
926 1918 1108 1999 Lilybaeum
1120 1915 1162 1979 20

203 1991 303 2053 teneri
335 2011 355 2052 a
376 2002 486 2072 paratu
519 1993 603 2068 belli,
636 1995 737 2057 edicto
770 1998 934 2078 proposito,
963 2007 998 2060 ut
1030 1999 1104 2059 socii

202 2070 329 2133 navales
347 2013 451 2134 decem
468 2073 587 2134 dierum
608 2084 697 2136 cocta
716 2075 832 2138 cibaria
849 2077 890 2137 ad
903 2097 996 2139 naves
1009 2077 1105 2138 defer·

203 2159 282 2225 rent,
304 2160 349 2224 ut,
371 2152 424 2212 ubi
445 2153 567 2233 signum
592 2155 700 2216 datum
722 2167 807 2231 esset,
829 2158 965 2238 nequid
987 2176 1105 2219 moram

204 2230 425 2292 conscendendi
449 2233 571 2308 faceret,
594 2255 707 2316 perque
731 2257 851 2298 omnem
875 2258 969 2312 oram,
988 2239 1041 2318 qni
1065 2257 1105 2298 ex

203 2311 334 2391 speculis
352 2313 559 2452 prospicerent
578 2315 796 2378 adventantem
815 2317 948 2379 hostium
969 2318 1104 2391 classem,
1120 2322 1159 2384 25

203 2391 312 2452 missis.
371 2402 471 2472 taque,
486 2413 672 2475 quamquam
685 2397 724 2458 de
737 2397 889 2458 industria
908 2399 1019 2460 morati
1039 2418 1106 2460 cur·

203 2492 272 2532 sum
296 2472 421 2533 navium
446 2484 534 2535 erant
558 2475 833 2556 Carthaginienses,
857 2487 893 2539 ut
906 2487 978 2540 ante
1004 2478 1106 2539 lucem

203 2551 383 2614 accederent
407 2553 599 2634 Lilybaeum,
620 2576 813 2636 praesensum
834 2567 937 2619 tamen
959 2567 1012 2634 est,
1032 2560 1107 2639 quia

204 2640 236 2693 et
259 2632 335 2693 luna
358 2653 475 2712 pernox
497 2645 564 2696 erat
587 2645 618 2697 et
639 2636 768 2698 sublatis
790 2639 986 2700 armamentis
1006 2641 1106 2702 venie·

204 2711 289 2773 bant.
331 2711 496 2794 Extemplo
511 2715 618 2777 datum
632 2736 649 2778 e
662 2717 793 2796 speculis
809 2719 929 2799 signum
950 2727 981 2780 et
1000 2720 1032 2780 in
1054 2740 1105 2799 op·
1119 2723 1159 2786 30

204 2792 277 2872 pido
291 2792 332 2853 ad
346 2811 433 2854 arma
447 2796 671 2858 conclamatum
692 2806 738 2858 est
757 2806 788 2859 et
808 2799 841 2859 in
856 2819 950 2861 naves
967 2819 1106 2862 conscen-

203 2892 289 2945 sum3
303 2892 374 2952 pars
388 2874 523 2936 militum
537 2876 571 2936 in
585 2877 681 2938 muris
732 2886 908 2958 rtarumque
923 2880 955 2939 in
969 2881 1105 2941 stationi-

204 2951 270 3026 bus,
279 2972 350 3032 pars
363 2953 397 3013 in
410 2955 542 3017 navibus
555 2966 651 3019 erant.
723 2967 736 3018 t
749 2957 1022 3039 Carthaginienses,
1031 2961 1105 3040 quia

204 3052 268 3092 rem
293 3032 358 3094 fore
381 3035 458 3096 haut
481 3055 551 3098 cum
575 3037 724 3117 inparatis
748 3037 923 3113 cernebant,
946 3060 1041 3119 usque
1064 3040 1104 3100 ad

204 3111 305 3174 lucem
325 3123 417 3192 portu
436 3135 468 3177 se
488 3116 711 3191 abstinuerunt,
732 3118 889 3180 demendis
909 3121 1105 3180 armamentis
1119 3119 1158 3181 35

203 3212 239 3253 eo
257 3201 320 3254 tem
362 3215 395 3255 re
415 3197 610 3277 aptandaque
622 3198 663 3257 ad
677 3217 813 3277 pugnam
826 3197 921 3259 classe
934 3199 1104 3278 absumpto.

204 3271 269 3334 Ubi
290 3275 300 3334 i
337 3275 416 3348 uxit‚
430 3294 569 3355 recepere
590 3277 716 3337 classem
736 3278 769 3337 in
789 3278 897 3350 altum,
917 3286 953 3338 ut
972 3281 1104 3356 spatium

203 3373 326 3433 pugnae
339 3364 416 3416 esset
429 3355 606 3434 exitumque
620 3355 751 3416 liberum
773 3375 790 3416 e
810 3366 903 3434 portu
924 3375 1017 3416 naves
1039 3356 1105 3414 hos-

203 3433 281 3494 tium
296 3434 454 3496 haberent.
494 3434 560 3496 Nec
581 3435 715 3496 Romani
735 3435 942 3495 detrectavere
960 3451 1105 3510 pugnam,
