2628 3796
132 225 195 303 188
305 254 395 301 rrrr
422 253 518 302 nrvr
544 253 599 301 111
622 253 736 303 vana
762 253 951 303 ceroma

183 417 286 471 tamen
320 410 434 484 castris,
462 430 540 490 quae
568 409 668 489 posita
696 418 780 471 trans
807 409 956 472 Aufidum
983 418 1084 486 erant,

184 490 308 551 liberius
328 489 523 570 aquabantur
543 490 685 563 Romani,
700 491 773 569 quia
786 491 854 570 ripa
868 491 995 553 ulterior
1015 492 1085 553 nul-

184 570 247 630 lum
269 570 404 631 habebat
423 571 556 650 hostium
576 570 771 649 praesidium.
813 571 974 633 Hannibal
998 593 1085 652 spem

183 659 322 723 nanctus,
337 649 412 711 locis
426 651 505 710 uatis
519 650 559 711 ad
573 659 741 729 equestrem
762 671 907 730 pugnam,
921 673 983 731 qua
996 661 1086 732 parte

151 729 298 792 51111111
312 731 446 792 invictus
465 738 540 804 erat,
554 729 688 791 facturos
708 750 744 790 co
766 731 827 790 iam
864 732 1001 810 uguaudi
1015 753 1086 793 con·

182 810 272 884 11111,
285 810 399 890 derigit
419 811 515 872 aciem
537 809 718 889 lacessitque
771 811 834 870 umi
876 832 944 872 rum
958 832 1086 891 procur·

184 891 300 952 satione
315 890 417 952 hostis.
459 888 538 951 Inde
551 910 655 951 11111111
668 889 829 952 sollicitari
843 891 991 953 seditione
1004 891 1086 952 mili·

184 971 244 1032 tari
272 990 308 1031 ac
335 970 488 1032 discordia
516 971 675 1032 consulum
703 969 844 1033 Romana
878 981 986 1047 castra,
1014 993 1086 1034 cum

184 1050 301 1112 Paulus
320 1050 551 1132 Semproniique
570 1060 602 1112 et
622 1050 759 1111 Flamini
783 1052 985 1116 temeritatem
1005 1053 1087 1115 Var-

132 1127 171 1190 10
184 1133 262 1205 roni,
282 1131 385 1193 Varro
408 1132 577 1211 speciosum
601 1129 716 1192 timidis
737 1151 774 1192 ac
794 1131 937 1212 segnibus
954 1133 1087 1194 ducibus

183 1211 357 1292 exemplum
372 1211 505 1272 Fabium
519 1212 661 1284 obiceret,
672 1220 892 1292 testareturque
906 1213 976 1274 deos
990 1214 1088 1274 homi·

183 1312 296 1373 nosque
308 1293 369 1366 hic,
384 1292 521 1353 ‘nullam
534 1313 626 1373 penes
639 1313 671 1353 se
684 1292 807 1387 culpam
821 1313 892 1367 esse,
903 1295 985 1373 quod
999 1293 1089 1354 Hau-

184 1372 270 1434 uibal
281 1373 347 1453 jam
361 1371 448 1434 velut
461 1393 517 1434 usu
532 1374 660 1454 cepisset
674 1372 818 1447 Italiam;
838 1395 870 1435 se
886 1373 1087 1436 constrictum

184 1473 204 1515 a
217 1453 344 1548 conlega
357 1454 470 1526 teneri;
481 1455 600 1515 'ferrum
610 1462 704 1534 atque
713 1473 799 1515 arma
810 1454 896 1516 iratis
907 1463 938 1516 et
948 1475 1088 1536 pugnare

132 1530 170 1592 15
185 1533 378 1612 cupientibus
389 1534 494 1616 γ1111111
515 1534 700 1608 militibus3'
721 1535 783 1608 ille,
799 1535 841 1596 ‘si
855 1534 930 1614 quid
945 1537 1089 1616 projectis

184 1634 221 1674 ac
231 1615 360 1694 proditis
370 1614 410 1675 ad
421 1615 624 1677 inconsultam
640 1623 732 1695 atque
742 1615 935 1695 inprovidam
950 1636 1089 1695 pugnam

184 1693 356 1774 legionibus
370 1695 530 1770 accideret,
539 1715 571 1757 se
583 1697 682 1757 omnis
696 1696 805 1776 culpae
819 1705 979 1770 exsortem,
989 1696 1089 1757 omnis

184 1784 311 1838 eventus
324 1775 504 1856 participem
518 1775 602 1850 fore,'
615 1775 748 1850 diceret,
770 1775 904 1838 ‘videret
918 1784 961 1850 ut,
976 1775 1089 1856 quibus

185 1855 291 1936 lingua
311 1865 375 1917 tam
397 1865 539 1937 prompta
558 1877 595 1919 ac
615 1857 786 1932 temeraria,
806 1877 902 1938 aeque
924 1857 958 1918 in
981 1876 1090 1938 pugna

131 1931 172 1995 20
184 1937 322 2016 vigerent
334 1938 461 1999 manus’

225 2016 330 2081 XLV.
373 2018 456 2079 Dum
471 2018 722 2080 altercationibus
736 2017 833 2098 magis
847 2037 939 2098 qnam
954 2014 1089 2078 consiliis

185 2108 304 2179 tempus
324 2100 444 2173 teritur,
461 2099 623 2160 Hannibal
643 2119 683 2160 ex
703 2100 778 2173 acie,
792 2119 883 2178 quam
899 2097 939 2158 ad
953 2096 1090 2158 multum

185 2179 247 2241 diei
267 2189 407 2242 tenuerat
427 2181 617 2254 instructam,
639 2199 709 2241 cum
732 2179 765 2240 iu
790 2188 890 2240 castra
911 2187 1025 2240 ceteras
1044 2183 1090 2239 re·'

186 2259 300 2341 ciperet
312 2261 425 2341 copias,
439 2261 590 2322 Numidas
607 2260 647 2320 ad
661 2259 850 2322 invadendos
863 2279 903 2320 ex
916 2257 1088 2320 minoribus

133 2337 172 2398 25
186 2343 292 2403 castris
317 2341 526 2404 Romanorum
549 2349 709 2421 aquatores
732 2347 818 2402 trans
841 2339 955 2400 flumen
979 2338 1087 2400 mittit.

187 2421 289 2499 Quam
317 2422 507 2484 inconditam
534 2421 658 2483 turbam
681 2441 750 2482 cum
775 2420 905 2484 vixdum
930 2419 963 2478 in
986 2419 1089 2497 ripam

186 2503 297 2581 egressi
317 2503 450 2564 clamore
470 2523 507 2563 ac
527 2502 663 2564 tumultu
684 2501 849 2582 fugassent,
870 2500 904 2561 in
925 2498 1090 2561 stationem

186 2603 306 2663 quoque
326 2583 484 2663 provallo
504 2583 636 2644 locatam
658 2590 749 2662 atque
769 2582 850 2662 ipsas
870 2600 925 2661 pro
983 2586 1090 2659 portas

186 2664 284 2724 evecti
311 2672 390 2724 sunt.
432 2663 470 2724 Id
494 2683 567 2725 vero
595 2663 756 2743 indiguum
777 2662 886 2734 visum,
907 2680 926 2722 a
975 2659 1090 2720 tumul·

133 2741 173 2802 30
187 2744 289 2804 tuario
302 2743 420 2804 auxilio
436 2744 503 2822 jam
523 2744 616 2807 etiam
638 2753 738 2805 castra
759 2741 901 2803 Romana
919 2739 1037 2813 terreri,
1051 2747 1090 2800 ut

186 2844 222 2884 ea
244 2823 334 2885 modo
354 2843 417 2884 una
437 2843 538 2897 causa,
554 2844 593 2884 ue
614 2822 767 2902 externplo
789 2822 953 2883 transirent
973 2819 1089 2881 flumen

185 2904 417 2983 derigerentque
430 2904 535 2978 aciem,
550 2904 683 2964 tenuerit
697 2902 861 2974 Romanos,
872 2900 954 2981 quod
967 2920 1090 2962 summa

186 2984 308 3064 imperii
322 3004 357 3044 eo
371 2982 424 3078 die
433 3003 525 3064 penes
546 2983 679 3045 Paulum
699 2983 802 3044 fuerit
844 2980 954 3062 Itaque
967 2990 1089 3062 postero

185 3065 236 3125 die
250 3064 360 3137 Varro,
376 3084 427 3124 cur
446 3085 509 3125 sors
529 3065 593 3144 ejus
614 3064 676 3124 diei
697 3063 817 3157 imperii
835 3071 910 3135 erat,
925 3061 1005 3122 nihil
1018 3081 1089 3121 con-

133 3143 172 3204 35
186 3145 266 3205 11110
282 3144 409 3222 conlega
427 3144 549 3224 signum
564 3143 721 3223 proposuit
741 3151 964 3220 instructasque
985 3140 1089 3220 copias

185 3223 299 3284 flumen
313 3225 462 3296 traduxit,
474 3234 616 3302 sequente
629 3222 738 3296 Paulo,
749 3222 822 3302 quia
835 3223 932 3301 magis
946 3241 1007 3282 non
1020 3241 1090 3300 pro·

185 3302 259 3363 bare
273 3323 363 3380 quam
378 3323 439 3362 uon
457 3303 604 3382 adjuvare
624 3302 786 3364 consilium
807 3311 937 3382 poterat.
979 3301 1090 3361 Trans·

185 3381 278 3460 gressi
298 3382 411 3442 flumen
431 3402 480 3442 eas
501 3404 629 3461 quoque,
644 3403 719 3462 quas
739 3383 772 3443 iu
794 3383 900 3443 castris
921 3381 1090 3442 minoribus

185 3461 367 3536 habuerant,
382 3462 484 3541 copias
497 3463 558 3523 suis
572 3463 621 3542 adj
627 3470 747 3542 ungunt
766 3472 860 3543 atque
874 3463 919 3524 ita
932 3463 1090 3524 instruunt
