2616 3790
445 250 579 298 arana
606 251 699 317 xxr,
726 234 859 300 44-45.
1085 237 1151 302 123

195 405 346 486 fugientes
366 406 533 486 accipient;
553 407 641 470 vobis
661 427 779 469 necesse
803 416 849 468 est
871 407 999 470 fortibus
1023 409 1097 472 viris

195 506 267 559 esse,
292 495 332 560 et,
357 487 498 548 omnibus
524 489 606 548 inter
631 487 793 550 victoriam
821 497 988 551 mortemve
1014 497 1098 550 certa

195 565 406 645 desperatione
432 566 580 646 abruptis,
605 577 661 628 aut
683 568 815 640 vincere,
836 576 899 640 aut,
924 568 951 628 si
973 568 1098 630 fortuna

195 644 361 719 dubitabit,
385 647 419 706 in
443 647 559 725 proelio
581 648 683 726 potius
707 666 800 728 qnam
820 647 853 706 in
873 647 949 726 fuga
968 657 1095 710 mortem

195 733 348 804 oppetere.
388 725 422 788 Si
440 727 497 788 hoc
514 726 591 788 bens
606 727 703 787 fixum
719 726 859 788 omnibus
880 726 1095 806 [destinatum]
1130 727 1151 790 ὅ

195 803 230 864 in
253 805 357 866 animo
381 814 435 879 est,
459 806 570 867 iterum
592 805 705 880 dicam,
728 806 862 878 vicissim
883 805 1003 866 nullum
1028 828 1098 868 con·

195 891 314 962 temptu
340 885 439 944 neoda
465 885 552 944 telam
577 884 616 945 ad
638 883 822 947 vincendum
848 882 965 946 homini
992 884 1031 946 ab
1052 885 1101 947 dis

188 962 410 1034 inmortalibus
423 963 523 1023 acrius
536 964 643 1024 datum
657 965 728 1025 est”

235 1040 342 1102 XLV.
383 1041 444 1102 His
457 1041 722 1103 adhortationibus
732 1061 803 1103 cum
812 1043 967 1124 utrimque
980 1043 1020 1106 ad
1035 1065 1097 1106 oer-

197 1128 300 1180 tamen
320 1121 440 1182 accensi
459 1121 592 1182 militum
613 1121 710 1182 animi
729 1131 836 1196 essent,
851 1123 984 1186 Romani
1003 1134 1097 1204 ponte
1111 1125 1150 1188 10

197 1199 339 1261 Ticinum
356 1201 501 1281 jungunt,
516 1201 697 1281 tutandique
710 1202 811 1281 pontis
830 1222 923 1264 eausa
936 1205 1096 1266 castellum

197 1279 321 1359 insuper
336 1281 505 1360 inponunt;
525 1280 655 1355 Poenus,
670 1280 807 1342 hostibus
827 1302 916 1363 opere
931 1285 1095 1364 occupatis,

197 1358 411 1421 Maharbalem
432 1380 502 1421 cum
522 1360 574 1421 ala
593 1360 810 1435 Numidarum,
830 1362 983 1441 equitibus
1009 1364 1096 1443 quin·

196 1440 304 1518 gentis,
325 1440 366 1500 ad
394 1440 624 1520 depopulandos
650 1441 801 1503 sociorum
828 1441 934 1534 populi
963 1442 1096 1504 Romani

135 1587 140 1596 ,
196 1539 284 1598 agros
298 1520 412 1593 mittit3
432 1519 532 1582 Gallis
546 1521 632 1600 parci
646 1541 739 1600 quam
752 1541 886 1582 mantne
902 1521 1000 1601 jubet,
1036 1523 1150 1586 rin-15

196 1599 359 1680 cipumque
377 1601 494 1662 animos
511 1601 552 1661 ad
570 1601 770 1662 defectionem
788 1600 958 1663 sollicitari.
1027 1611 1097 1664 onte

195 1679 329 1758 perfecto
343 1679 503 1742 traductus
517 1680 675 1742 Romanus
691 1681 843 1742 exereitus
863 1681 896 1742 in
916 1701 1024 1762 agrum
1045 1682 1096 1743 In·

193 1758 332 1901 :pprium
360 1760 496 1841 quinque
522 1761 610 1822 milia
637 1762 759 1841 passim
783 1760 823 1822 ab
845 1761 1007 1824 Ictumulis
1028 1783 1096 1825 con·

247 1849 280 1902 1t

233 1920 285 1981 Ibi
309 1921 472 1984 Hannibal
496 1929 596 1984 costra
619 1918 771 1995 habebat;
799 1930 1001 2002 revocatoque
1028 1942 1095 2002 pro
1109 1926 1149 1988 20

193 2021 265 2081 pere
287 2002 471 2064 Maharbale
497 2013 590 2082 atque
614 2000 776 2081 equitibus,
800 2022 871 2063 cum
896 2003 1010 2064 instare
1033 2023 1095 2064 cer·

190 2091 296 2143 tamen
307 2093 452 2157 cerneret,
462 2083 541 2144 nihil
553 2102 698 2162 umquam
711 2083 785 2143 satis
799 2081 915 2143 dictum
926 2083 1095 2161 praemoni·

193 2170 320 2242 tumque
347 2163 388 2224 ad
416 2163 617 2224 cohortandos
644 2161 757 2222 milites
784 2171 878 2235 ratus,
905 2162 1021 2224 vocatis
1054 2161 1095 2224 ad

193 2243 366 2303 contionem
380 2251 463 2304 certa
476 2243 612 2322 praemia
625 2241 813 2321 pronuntiat,
822 2242 855 2302 in
869 2261 997 2321 quornm
1010 2261 1095 2320 spem

215 2331 383 2400 ugnarent:
395 2327 519 2403 ‘agrum
529 2342 592 2384 sese
599 2322 743 2383 daturum
753 2341 814 2382 esse
823 2322 855 2381 in
865 2321 968 2396 Italia,
975 2322 1093 2396 Africa,
1109 2325 1148 2388 25

192 2342 358 2482 liispania
379 2403 433 2464 ubi
453 2403 580 2482 quisque
600 2403 685 2476 velit,
706 2402 862 2462 inmunem
886 2401 944 2481 ipsi
971 2402 1024 2481 qui
1047 2423 1095 2463 ac·

192 2483 322 2561 cepisset
336 2482 515 2562 liberisque;
529 2483 582 2562 qui
635 2482 757 2544 cuniam
769 2501 861 2561 qnam
875 2501 984 2574 agrum
997 2481 1094 2542 malu-

192 2562 272 2636 isset,
287 2563 316 2622 ei
330 2582 362 2623 se
375 2572 501 2642 argento
514 2563 586 2623 satis
600 2571 759 2636 acturum
780 2560 834 2641 qni
850 2581 1000 2622 semorum
1014 2561 1095 2624 cives
1185 2609 1189 2618 .

192 2640 459 2722 Carthaginienses
482 2642 549 2703 fieri
568 2642 693 2716 vellent,
714 2650 894 2721 potestatem
921 2641 1093 2716 facturum

192 2723 246 2801 qui
270 2723 376 2783 domos
400 2723 498 2783 redire
522 2722 660 2796 mallent,
684 2721 829 2782 daturum
852 2742 884 2783 se
908 2742 1031 2802 operam
1054 2743 1093 2784 ne
1107 2725 1148 2788 30

193 2804 279 2883 eujus
293 2823 418 2863 suorum
432 2802 628 2882 popularium
644 2810 794 2862 mutatam
815 2822 917 2863 secum
938 2802 1091 2864 fortunam

192 2882 401 2945 essevellent'
442 2882 544 2944 Servis
554 2902 673 2962 quoque
681 2882 819 2942 dominos
827 2882 993 2961 prosecutis
1003 2882 1093 2944 liber·

191 2970 287 3023 tatem
302 2963 453 3042 proponit,
467 2962 600 3041 binaque
614 2982 669 3042 pro
683 2961 731 3022 his
745 2963 899 3043 mancipia
912 2962 1043 3023 dominis
1061 2983 1093 3024 ss

191 3041 393 3104 redditurum.
434 3042 482 3103 Ea
503 3062 541 3102 ue
551 3050 587 3103 ut
599 3050 669 3103 rata
677 3041 789 3102 seirent
799 3042 872 3115 fore,
881 3061 994 3122 sgnum
1005 3043 1093 3104 laeva

191 3140 295 3195 manu,
318 3121 445 3182 dextera
468 3063 583 3183 silicem
607 3122 750 3194 retinens,
775 3121 801 3181 si
825 3121 956 3195 falleret,
981 3121 1091 3184 Jovem
1106 3125 1144 3186 35

191 3210 365 3281 ceterosque
382 3211 523 3281 precatus
542 3201 622 3274 deos,
638 3202 682 3261 ita
701 3221 733 3261 se
754 3210 932 3275 mactarent,
947 3221 1036 3280 quem
1051 3204 1090 3263 ad

190 3280 315 3341 modum
326 3282 390 3360 ipse
404 3301 517 3360 agnum
528 3289 699 3351 mactasset,
706 3281 873 3340 secundum
888 3281 1090 3359 precationem

191 3369 285 3439 capnt
304 3361 430 3440 pecudis
449 3381 523 3423 saxo
544 3360 632 3420 elisit.
673 3359 753 3417 Tum
773 3377 845 3417 vero
869 3377 981 3426 omnes,
1004 3357 1092 3415 velut

192 3439 249 3500 diis
272 3439 449 3502 auctoribus
473 3440 506 3500 in
530 3457 613 3518 spem
635 3455 722 3497 suam
746 3435 874 3512 quisque
896 3432 1037 3508 acceptis,
1058 3432 1091 3488 id
