2572 3790
485 265 627 313 -nrnna
652 266 677 331 r,
705 247 834 314 24-25.
1118 245 1161 312 41

210 420 318 502 populi
340 420 457 483 Albani
480 421 585 484 foedus
608 421 747 483 ferirel''
765 421 892 502 jubente
914 441 993 501 rege,
1017 425 1109 500 “sag-

209 501 322 563 mina’'
336 502 438 581 inquit
452 507 469 534 “
478 511 518 576 te,
532 522 597 576 rex,
611 523 700 582 posco
710 523 718 575 ;
728 501 746 528 ''
761 523 816 562 rex
829 502 881 576 uit,
897 507 1035 582 “puram
1053 502 1110 564 tol·

209 579 313 656 lito;’'
335 582 448 643 fetialis
468 601 509 643 ex
531 602 602 642 arce
622 582 769 661 graminis
789 581 914 642 herbam
933 603 1042 675 puram
1064 591 1109 644 at-

210 663 300 735 tulit3
321 671 426 742 postea
443 682 544 742 regem
559 662 603 722 ita
616 661 756 742 rogavit:
778 666 796 692 “
805 682 870 735 rex,
883 661 997 724 facisne
1011 683 1060 724 me
1073 672 1108 724 tu

209 743 328 822 regium
361 742 505 802 nuntium
532 741 640 821 populi
667 741 801 802 Romani
829 741 1007 818 Quiritium,
1035 763 1110 805 vasa
1142 747 1163 808 δ

209 823 394 901 comitesque
407 843 487 884 moos
496 823 508 882 l
517 821 534 849 '³
550 841 606 882 rex
619 821 793 902 respondit:
809 823 916 901 “quod
927 823 991 884 sine
1002 823 1110 884 fraude

209 923 278 962 mea
288 902 454 983 populique
464 902 597 963 Romani
609 901 779 978 Quiritium
792 901 855 976 fiat,
866 902 974 964 facio.''
1009 903 1109 964 Fetia-

210 983 248 1043 lis
268 991 335 1044 erat
355 982 400 1044 M.
415 982 578 1056 Valerius3
600 982 625 1042 is
647 993 766 1061 patrem
787 993 942 1064 patratum
965 983 1109 1064 Spurium

210 1063 338 1124 Fusium
369 1063 450 1137 fecit,
477 1063 613 1126 verbena
639 1072 732 1143 caput
759 1063 946 1143 capillosque
972 1073 1107 1142 tangens.

210 1143 302 1205 Pater
326 1153 464 1223 patratus
486 1143 527 1204 ad
547 1144 599 1224 jus
618 1143 788 1224 jurandum
807 1143 1001 1224 patrandum,
1016 1143 1048 1204 id
1065 1151 1110 1204 est
1123 1147 1163 1208 10

209 1225 408 1285 sanciendum
434 1224 470 1285 fit
497 1224 620 1297 foedus3
648 1224 814 1304 multisque
840 1223 873 1284 id
900 1223 1010 1298 verbis,
1031 1243 1110 1303 quae

209 1304 302 1385 longo
315 1305 407 1365 effata
420 1305 556 1365 carmine
573 1325 633 1364 non
654 1324 763 1384 operae
782 1312 828 1364 est
847 1303 967 1377 referre,
982 1304 1108 1384 peragit.

209 1384 344 1464 Legibus
364 1385 475 1445 deinde
494 1385 637 1457 recitatis,
653 1384 783 1457 “audi,''
804 1383 913 1463 inquit,
928 1388 946 1438 .“
955 1383 977 1446 J
979 1384 1109 1463 uppiter,

209 1465 293 1538 audi,
313 1473 401 1544 pater
419 1473 541 1545 patrate
560 1464 668 1544 populi
686 1463 813 1537 Albani,
828 1464 901 1524 audi
921 1472 966 1538 tu,
980 1463 1110 1544 populus

209 1543 371 1606 Albanus:
400 1554 435 1606 ut
462 1544 520 1604 illa
546 1543 649 1624 palam
677 1544 777 1624 primo
844 1553 955 1604 strema
981 1564 1021 1604 ex
1048 1543 1110 1606 illis
1124 1546 1163 1608 15

210 1624 323 1686 tabulis
338 1645 446 1686 cerave
459 1625 587 1685 recitata
599 1633 673 1686 sunt
685 1625 751 1686 sine
764 1624 803 1685 do
817 1645 835 1684 o
849 1624 940 1698 malo,
954 1625 1060 1704 utique
1073 1645 1110 1686 ea

208 1704 260 1765 hio
280 1705 370 1766 hodie
390 1703 554 1766 rectissime
574 1703 731 1766 intellecta
750 1713 831 1777 sunt,
846 1703 909 1765 illis
929 1703 1046 1784 legibus
1059 1726 1110 1785 po-

209 1785 301 1864 pulus
321 1785 478 1846 Romanus
492 1785 577 1866 prior
590 1805 652 1846 non
665 1784 795 1846 deficiet
836 1784 868 1846 Si
911 1785 974 1847 rior
994 1785 1111 1848 defexit

208 1865 332 1944 publico
357 1864 484 1926 consilio
509 1865 579 1926 dolo
603 1866 695 1938 mulo,
715 1874 783 1926 tum
803 1863 859 1925 illo
902 1866 938 1940 ie,
954 1865 1109 1946 Juppiter,

208 1945 356 2024 populum
378 1945 553 2006 Romanum
574 1944 618 2006 sic
640 1946 738 2019 ferito,
753 1953 789 2007 ut
809 1966 865 2024 ego
883 1945 965 2007 huno
983 1967 1109 2026 porcum
1123 1948 1163 2011 20

208 2025 260 2086 hic
273 2025 364 2086 hodie
376 2026 495 2099 feriam,
504 2034 650 2105 tantoque
664 2027 761 2106 magis
775 2025 873 2099 ferito,
884 2036 999 2104 quanto
1013 2027 1109 2105 magis

207 2114 293 2184 potes
312 2105 496 2186 pellesque.''
538 2104 576 2166 Id
597 2106 651 2166 ubi
672 2107 763 2180 dixit,
783 2126 909 2186 porcum
929 2127 1004 2167 saxo
1024 2107 1110 2167 silice

207 2186 363 2264 percussit.
404 2185 468 2246 Sua
489 2187 561 2246 item
587 2187 725 2246 carmina
748 2186 868 2246 Albani
890 2206 1039 2266 suumque
1058 2187 1110 2266 jus

211 2265 379 2345 jurandum
399 2285 563 2346 persuum
586 2265 766 2327 dictatorem
788 2287 918 2347 suosque
941 2265 1109 2328 sacerdotes

207 2355 396 2426 peregerunt.
1124 2349 1163 2412 25

247 2425 357 2488 XXV.
399 2425 534 2488 Foedere
558 2427 628 2501 icto,
650 2426 805 2508 trigemini
826 2427 905 2490 sicut
925 2436 1110 2490 convenerat

207 2526 294 2567 anua
319 2506 455 2586 capiunt
510 2508 589 2569 Cum
616 2509 664 2568 sui
691 2517 836 2586 utrosque
862 2509 1108 2583 adhortarentur,

207 2587 278 2646 deos
298 2588 421 2666 patrios,
441 2591 575 2680 patriam
595 2608 632 2648 ac
652 2596 802 2667 parentes,
823 2587 971 2666 quidquid
994 2588 1109 2650 civium

207 2667 299 2740 domi,
321 2667 472 2747 quidquid
493 2669 525 2728 in
548 2667 685 2728 exercitu
706 2669 756 2742 sit,
770 2667 894 2728 illorum
916 2677 990 2728 tunc
1013 2689 1108 2742 ormo,

207 2747 330 2806 illorum
351 2747 465 2808 intueri
485 2768 602 2821 monus,
624 2748 735 2809 feroces
756 2757 787 2808 et
806 2757 913 2826 suopte
933 2748 1054 2828 ingenio
1077 2757 1109 2810 et
1122 2752 1162 2813 30

207 2826 291 2906 pleni
311 2827 541 2889 adhortantium
561 2828 697 2902 vocibus,
719 2829 752 2889 in
772 2827 908 2888 medium
928 2829 1010 2889 inter
1031 2829 1107 2890 duas

207 2907 286 2968 acies
305 2907 483 2986 procedunt.
525 2907 732 2970 Consederant
751 2908 905 2987 utrimque
925 2929 981 2988 pro
1002 2910 1107 2970 castris

206 2987 268 3048 duo
281 2989 440 3061 exercituo,
455 2987 584 3068 periculi
605 2989 701 3066 magis
722 2989 888 3068 praesentis
906 3008 999 3068 quam
1017 3009 1108 3050 curae

205 3077 363 3147 expertes3
384 3068 498 3147 quippe
519 3068 683 3148 imperium
708 3068 865 3148 agebatur,
888 3068 921 3127 in
946 3077 1010 3130 tam
1034 3089 1108 3149 pau·

205 3168 311 3208 corum
331 3147 446 3210 virtute
466 3157 559 3224 atque
579 3149 703 3208 fortuna
722 3148 863 3228 positum.
905 3147 1016 3228 Itaque
1036 3170 1107 3228 ergo
1121 3151 1159 3211 35

205 3227 298 3287 erecti
324 3228 520 3308 suspensique
543 3227 577 3288 in
600 3228 726 3289 minime
749 3238 871 3308 gratum
899 3228 1106 3308 spectaculum

204 3308 307 3368 animo
327 3307 536 3369 intenduntur.

245 3387 348 3448 Datur
359 3388 490 3466 signum,
504 3385 681 3466 infestisque
701 3386 803 3458 armis,
817 3385 903 3446 velut
923 3385 1011 3456 acies,
1026 3386 1106 3444 terni

205 3468 343 3548 juvenes,
354 3487 535 3548 magnorum
545 3469 735 3528 exercituum
749 3464 867 3524 animos
880 3471 1026 3542 gerentes,
1037 3483 1105 3522 con-
