2616 3790
136 193 200 258 112
300 208 514 258 r1r1n1v1
543 207 598 255 sa
623 208 740 259 vasu
769 207 966 258 cosmas

226 363 393 426 XXXIII.
442 363 549 424 Prima
575 362 687 424 deinde
713 364 782 426 luce
809 373 912 426 castra
938 373 1032 440 mota,
1060 375 1092 430 et

186 465 296 524 agmen
310 444 436 505 relicum
450 443 590 504 Incedere
604 445 712 522 coepit.
754 444 777 507 J
777 465 827 505 am
844 447 984 507 montani
1003 447 1093 527 signo

187 525 260 586 dato
273 545 312 584 ex
327 523 460 584 castellis
474 523 515 582 ad
532 523 693 584 stationem
714 524 838 585 solitam
857 526 1093 600 conveniebant,

186 625 258 666 cum
281 612 405 683 repente
429 602 620 680 conspiciunt
643 603 730 676 alios,
754 623 825 664 arce
849 614 1000 684 occupata
1026 627 1093 680 sua,

153 686 279 764 hsuper
306 690 399 762 caput
426 682 613 755 inminentis,
640 683 717 744 alios
744 684 797 745 via
824 685 956 744 transire
983 686 1088 746 hostIs.

186 761 327 845 Utraque
340 762 432 824 simul
446 761 564 841 objecta
577 782 625 822 res
637 762 734 823 oculis
748 763 917 842 animisque
931 764 1093 826 inmobiles

187 862 351 936 parumper
373 862 423 904 eos
446 841 573 915 defixit;
594 841 713 916 deinde,
737 851 774 904 ut
796 844 1034 922 trepidationem
1058 845 1094 905 iu

171 932 173 936 ’
187 924 334 1002 angustiis
344 942 458 1002 suoque
468 923 568 1000 ipsum
580 922 716 982 tumultu
728 922 848 982 misceri
859 943 970 1001 agmen
977 922 1093 997 videre,

186 1005 272 1083 equis
288 1003 422 1064 maxime
436 1001 645 1074 consternatis,
659 1001 810 1081 quidquid
830 1001 1013 1081 adjecissent
1032 1004 1092 1084 ipsi

134 1082 174 1145 10
186 1083 310 1144 terroris
323 1083 396 1143 satis
410 1082 451 1142 ad
464 1081 630 1161 perniciem
644 1080 709 1142 fore
723 1081 793 1154 rati,
807 1083 989 1145 transversis
1008 1083 1093 1163 rupi-

187 1163 253 1237 bus,
273 1182 327 1242 per
350 1163 443 1241 juxta
470 1161 557 1222 invia
584 1180 621 1221 ae
649 1159 741 1221 devia
768 1160 887 1222 adsueti
913 1162 1092 1224 decurrunt

186 1242 266 1302 Tum
286 1262 358 1305 vero
384 1241 478 1301 simul
505 1239 545 1300 ab
573 1238 719 1314 hostibus,
740 1240 833 1300 simul
860 1239 900 1301 ab
929 1242 1094 1322 iniquitate

187 1322 323 1384 locorum
343 1321 439 1382 Poeni
459 1341 477 1380 o
500 1319 726 1399 pugnabantur,
749 1319 878 1400 plusque
898 1321 980 1382 inter
999 1322 1091 1400 ipsos,

187 1402 246 1462 sibi
273 1421 392 1480 quoquc
419 1341 562 1461 tendente
596 1408 632 1459 ut
661 1399 798 1479 periculo
825 1401 912 1479 prius
939 1402 1093 1478 evaderet,

135 1481 174 1542 15
188 1502 279 1562 quam
301 1501 370 1542 cum
387 1479 534 1552 hostibus,
548 1479 723 1540 certaminis
741 1488 817 1541 erat.
859 1480 944 1559 Equi
956 1481 1094 1544 maxirne

187 1561 330 1622 infestum
343 1579 453 1638 agmen
467 1558 630 1631 faciebant,
642 1560 695 1638 qui
709 1568 740 1621 et
754 1559 940 1622 clamoribus
951 1563 1091 1638 dissonis,

187 1662 261 1721 quos
281 1659 406 1700 nemora
426 1640 519 1700 etism
539 1659 790 1719 repercussaeque
809 1641 905 1702 valles
926 1642 1092 1722 augebant,

187 1720 286 1782 territi
308 1718 512 1798 trepidabant,
533 1726 564 1779 et
583 1719 639 1779 icti
659 1719 738 1780 forte
762 1729 818 1780 aut
838 1720 996 1783 vulnerati
1014 1723 1093 1784 adeo

188 1798 469 1871 consternabantur,
491 1806 526 1859 ut
546 1806 677 1878 stragem
702 1799 858 1879 ingentem
880 1801 973 1862 simul
996 1801 1094 1862 homi-

135 1877 175 1941 20
187 1900 262 1940 num
277 1899 313 1940 ac
327 1879 516 1940 sarcinarum
536 1879 634 1938 omnis
654 1881 773 1958 generis
793 1880 947 1954 facerent;
968 1881 1093 1943 multos·

188 1981 247 2040 que
274 1959 374 2032 turba,
397 1979 468 2020 cum
494 1958 675 2038 praecipites
703 1959 910 2039 deruptaeque
936 1962 1094 2040 utrimque

190 2039 349 2119 angustiae
374 2047 481 2111 essent,
509 2037 541 2098 in
569 2039 741 2098 inmensum
769 2040 945 2101 altitudinis
971 2041 1093 2120 dejecit,

191 2119 337 2215 quosdam
364 2127 395 2179 et
421 2127 570 2192 armatos3
604 2119 657 2178 sed
692 2119 800 2180 ruinae
833 2121 968 2181 maxime
1000 2121 1093 2182 modo

192 2209 333 2281 jumenta
347 2218 417 2259 cum
431 2197 571 2258 oneribus
585 2197 836 2260 devolvebantur.
878 2199 968 2276 Quae
1008 2221 1093 2260 uam·

135 2292 175 2353 25
191 2300 284 2360 quam
297 2278 387 2340 foeda
399 2279 467 2340 visu
481 2287 577 2352 erant,
591 2279 677 2339 stetit
695 2298 861 2358 parumper
880 2220 1093 2340 tameanan-

188 2360 274 2422 nibal
304 2379 340 2420 ac
367 2379 436 2419 suos
464 2358 623 2432 continuit,
647 2378 686 2418 ne
712 2359 881 2418 tumultum
901 2379 939 2420 ac
959 2360 1093 2440 trepida·

188 2443 302 2503 tionem
316 2446 456 2518 augeret;
477 2438 596 2511 deinde,
610 2447 770 2517 postquam
786 2439 967 2518 interrumpi
981 2459 1093 2518 agmen

188 2522 269 2585 vidit
295 2518 526 2599 periculumque
552 2538 623 2591 esse,
651 2538 690 2578 ne
720 2526 847 2579 exutum
874 2519 1092 2597 inpedimentis

189 2601 358 2663 exercitum
385 2598 570 2678 nequiquam
601 2598 784 2658 ineolumem
818 2598 1014 2671 traduxisset,
1042 2599 1094 2659 de·

136 2691 176 2754 30
190 2681 286 2744 currit
298 2700 338 2740 ex
351 2678 504 2758 superiore
518 2677 595 2751 loco,
609 2687 648 2750 et,
664 2698 733 2738 oum
752 2678 869 2757 impetu
883 2679 949 2758 ipso
963 2678 1093 2740 fudisset

190 2764 316 2834 hostem,
330 2759 391 2820 suis
405 2778 525 2839 quoque
538 2757 706 2818 tumultum
725 2758 823 2818 auxit.
864 2757 925 2818 Sed
938 2758 965 2818 is
978 2758 1093 2818 tumul·

190 2854 239 2904 tus
266 2847 417 2902 momento
452 2837 606 2916 temporis,
633 2845 793 2916 postquam
820 2837 953 2899 liberate
979 2837 1093 2899 itinera

189 2925 265 3004 fuga
294 2929 509 2982 montanorum
543 2924 640 2990 eraut,
668 2917 800 2990 sedatur,
826 2937 884 2978 neo
911 2937 966 2997 per
993 2918 1092 2978 otium

189 3004 288 3076 modo,
302 3001 355 3062 sed
369 3019 463 3080 prope
477 2997 598 3058 silentio
618 3016 691 3056 mox
710 3016 813 3057 omnes
832 2996 978 3057 traducti.
1020 2996 1092 3058 Oas-

137 3091 176 3158 35
188 3084 298 3145 tellum
312 3082 391 3154 inde,
401 3079 482 3158 quod
497 3086 591 3155 caput
604 3077 667 3155 ejus
682 3076 812 3156 regionis
826 3085 902 3151 erat,
912 3075 1093 3154 viculosque

185 3163 390 3240 circumjectos
410 3158 501 3236 capit,
521 3167 552 3218 et
571 3157 692 3234 captivo
713 3155 774 3214 mbo
801 3175 838 3214 ae
858 3153 1017 3232 pecoribus
1038 3175 1094 3232 per

186 3241 322 3300 triduum
341 3237 508 3297 exercitum
535 3236 629 3306 aluit;
664 3244 702 3308 et,
724 3235 796 3313 quia
816 3254 872 3294 nec
899 3255 919 3292 o
939 3234 1093 3292 montanis

187 3321 284 3395 primo
298 3315 441 3394 perculsis
455 3334 510 3376 nec
524 3314 589 3373 loco
608 3333 718 3390 magno
740 3333 828 3391 opere
848 3311 1093 3392 inpediebantur‚

187 3396 378 3472 aliquantum
392 3413 426 3452 eo
440 3392 541 3451 triduo
554 3391 624 3452 viae
638 3390 775 3451 confecit.
