2616 3790
453 252 589 300 mana
610 253 702 319 m,
726 236 856 303 57-58.
1094 241 1156 307 135

239 405 379 467 Ceterum
393 427 432 468 ne
452 407 579 469 hiberna
593 409 715 487 quidem
730 409 876 473 Romanis
889 413 992 492 quieta
1006 421 1101 489 erant,

199 486 513 578 vagantibuspassim
533 487 675 548 Numidis
696 489 847 580 equitibus
867 502 906 565 et,
920 500 953 552 ut
966 515 1026 574 qua
1064 515 1102 555 ue

198 567 235 628 iis
255 565 451 660 impeditiora
471 575 568 640 erant,
583 566 744 628 Celtiberis
767 567 992 649 Lusitanisque.
1027 515 1107 636 Hm·

198 667 250 708 nes
265 648 361 726 igitur
374 645 510 725 undique
524 646 622 708 clausi
637 656 822 709 commeatus
846 659 944 723 erant,
959 653 1019 714 nisi
1033 675 1108 736 quos

198 725 284 788 Pado
299 745 392 787 naves
405 726 615 788 subveherent.
660 727 842 808 Emporium
866 751 922 810 pro
981 733 1107 796 Placen·
1141 734 1161 796 5

95 816 98 819 ’
197 808 275 868 tiam
297 807 358 867 fuit
377 815 408 866 et
427 826 517 886 opere
538 829 649 888 magno
673 809 827 870 munitum
844 820 875 871 et
890 833 929 874 va
943 813 994 874 ido
1008 815 1107 876 firma-

198 896 265 948 tum
289 886 450 967 praesidio.
492 886 569 968 Ejus
593 889 712 950 castelli
741 891 940 970 expugnandi
962 914 1107 973 specum

198 968 353 1048 equitibus
367 988 403 1028 ac
417 967 479 1029 levi
494 977 651 1030 armatura
674 971 830 1050 profectus
851 972 1022 1046 Hannibal,
1037 996 1106 1036 cum

197 1049 367 1142 plurimum
382 1048 415 1108 in
428 1048 556 1110 celando
571 1050 693 1132 incepto
710 1051 751 1112 ad
766 1052 906 1113 effectum
926 1074 941 1114 s
963 1055 991 1115 ei
1011 1055 1107 1116 habu·

198 1138 279 1203 1sset,
299 1139 389 1190 nocte
409 1129 534 1191 adortus
555 1152 617 1193 non
640 1131 753 1193 fefellit
767 1132 884 1212 vigiles.
953 1145 1042 1196 antus
1062 1133 1166 1217 re10·

197 1219 289 1290 pente
303 1209 418 1271 clamor
432 1219 478 1271 est
491 1212 639 1287 sublatus,
649 1222 686 1274 ut
701 1211 878 1276 Placentiae
889 1235 1007 1294 qnoque
1021 1215 1105 1276 audi·

197 1298 292 1352 retur.
327 1289 437 1370 Itaque
449 1291 507 1352 sub
521 1293 622 1354 lucem
634 1314 703 1355 cnm
718 1314 734 1355 e
755 1294 856 1354 uitatu
871 1295 975 1356 consul
989 1296 1105 1369 aderat,

198 1371 291 1465 jussis
311 1371 461 1450 quadrato
484 1373 606 1453 agmine
627 1314 799 1454 legionibus
821 1375 914 1452 sequi
955 1375 1106 1454 Equestre

197 1453 322 1512 interim
363 1452 492 1514 roeliunr
515 1455 726 1528 commissum3
748 1455 781 1514 in
823 1474 872 1526 uo,
913 1454 965 1514 uia
984 1456 1105 1516 saucius

197 1531 329 1592 Hannib
385 1554 489 1614 pugna
515 1534 651 1608 excessit,
679 1553 792 1614 pavore
841 1475 956 1594 ostibus
983 1535 1103 1615 injecto,
1119 1532 1158 1594 15

196 1612 355 1674 defensum
379 1614 499 1694 egregie
524 1615 710 1693 praesidium
735 1623 787 1675 est
831 1614 1004 1674 Paucorum
1032 1615 1104 1676 inde

196 1693 317 1754 dierum
342 1694 442 1773 quiete
470 1702 601 1774 sumpta,
623 1705 662 1770 et,
684 1694 816 1758 vixdum
843 1695 922 1776 satis¹
943 1703 1104 1774 percurato

196 1775 334 1849 vnlnere,
348 1775 388 1836 ad
403 1773 600 1836 Victumvias
623 1775 843 1856 oppugnandas
857 1775 901 1835 ire
914 1776 1023 1854 pergit.
1065 1775 1104 1836 Id

196 1857 367 1936 emporium
389 1855 537 1917 Romanis
560 1855 684 1917 Gallico
705 1855 785 1916 bello
806 1855 924 1928 fuerat;
948 1855 1101 1916 munitum

195 1935 269 1997 inde
289 1936 391 1998 locum
411 1937 684 2016 frequentaverant
705 1935 830 1996 adcolae
853 1935 944 1995 mixti
969 1937 1103 2016 undique
1118 1931 1157 1995 20

195 2037 237 2078 ex
254 2017 393 2080 finitimis
413 2017 544 2100 populis,
559 2026 590 2078 et
610 2025 677 2078 tum
698 2025 795 2076 terror
815 2015 1046 2095 populationum
1068 2037 1103 2077 eo

195 2098 355 2178 plerosque
369 2120 409 2161 ex
422 2099 505 2178 agris
520 2097 707 2176 conpulerat.
751 2095 854 2175 Hujus
868 2096 986 2175 generis
1000 2095 1103 2156 multi-

195 2179 281 2252 tudo,
302 2179 386 2240 fama
409 2180 531 2259 inpigre
556 2178 671 2239 defensi
696 2176 737 2237 ad
758 2175 948 2236 Placentiam
968 2174 1102 2256 praesidi

195 2279 333 2333 accensa,
346 2261 439 2322 armis
460 2259 589 2339 arreptis
612 2257 736 2320 obviam
759 2255 933 2316 Hannibali
954 2255 1101 2335 procedit.

195 2339 298 2418 Magis
321 2341 445 2421 agmina
466 2361 560 2420 quam
585 2340 664 2400 acies
688 2338 720 2399 in
743 2336 795 2399 via
817 2345 1043 2408 concurrerunt,
1062 2345 1101 2410 et,
1117 2329 1156 2390 25

195 2439 266 2480 cum
280 2442 320 2482 ex
333 2421 431 2483 altera
445 2431 533 2501 parte
548 2419 626 2480 nihil
643 2427 763 2500 praeter
778 2416 965 2477 inconditam
979 2416 1101 2476 turbam

195 2509 281 2574 esset,
296 2503 329 2562 in
349 2501 447 2563 altera
466 2510 498 2562 et
518 2501 584 2562 dux
602 2500 696 2560 militi
712 2509 742 2560 et
757 2498 827 2558 duci
842 2495 929 2556 miles
943 2495 1046 2569 fidens,
1061 2496 1100 2556 ad

194 2581 325 2662 triginta
359 2582 472 2662 uinqne
487 2581 573 2641 milia
587 2581 746 2642 bominum
762 2599 780 2639 a
794 2577 899 2665 paucis
913 2576 990 2636 fusa.
1006 2657 1012 2669 ι
1031 2576 1102 2637 Pos-

194 2670 261 2724 tero
275 2663 325 2724 die
338 2604 494 2724 deditione
508 2661 590 2722 facta
606 2660 794 2740 praesidium
815 2659 897 2717 intra
915 2676 1034 2717 moenra
1054 2677 1103 2718 ac·

195 2762 319 2823 cepere;
335 2743 471 2823 jussique
485 2762 572 2803 arma
586 2741 707 2802 tradere
729 2760 798 2801 cum
821 2738 904 2799 dicto
921 2737 1101 2817 paruissent,
1116 2728 1156 2791 30

195 2823 317 2904 signum
332 2834 456 2903 repente
466 2820 633 2885 victoribus
649 2821 749 2894 datur,
765 2828 801 2881 ut
815 2828 973 2898 tamquam
985 2819 1018 2880 vi
1033 2838 1102 2898 cap·

194 2911 259 2965 tam
282 2903 389 2965 urbem
413 2903 588 2996 diriperent,
610 2921 708 2981 neque
732 2900 808 2975 ulla,
831 2899 963 2979 quaein
986 2898 1042 2958 tali
1067 2919 1100 2960 re

195 2983 401 3045 memorabilis
424 2981 626 3045 scribentibus
650 2981 748 3044 videri
777 2979 863 3054 solet,
889 2979 1100 3120 praetermissa

195 3143 381 3206 inhumanae
401 3142 562 3223 superbiae
582 3141 698 3204 editum
724 3143 756 3201 in
780 3141 904 3201 miseros
928 3139 1102 3219 exemplum
1117 3141 1156 3202 35

195 3234 247 3285 est
290 3225 362 3285 Hae
375 3224 460 3285 fuere
473 3223 619 3284 hibernae
633 3221 841 3300 expeditiones
857 3218 1057 3280 Hannibalis.

236 3303 360 3366 LVIII.
402 3304 500 3364 Haud
514 3302 597 3394 longi
612 3300 684 3361 inde
698 3301 851 3378 temporis,
867 3300 941 3358 dum
962 3299 1103 3358 intolera-

196 3381 272 3444 bilia
286 3384 402 3463 frigora
416 3391 512 3455 erant,
526 3401 611 3460 quies
625 3380 718 3439 militi
733 3379 806 3438 data
820 3388 881 3447 est;
904 3386 935 3436 et
949 3377 988 3434 ad
1004 3376 1103 3451 prima

196 3481 232 3524 ac
246 3463 342 3524 dubia
355 3463 443 3542 signa
451 3462 531 3523 veris
541 3458 694 3540 profectus
705 3478 745 3517 ex
755 3455 891 3516 hibernis
902 3455 934 3512 in
944 3453 1102 3511 Etruriam
