2572 3790
157 225 198 298 28
322 249 413 296 rrrr
438 248 535 297 nrvr
561 249 616 295 nn
642 247 758 297 vasu
788 243 980 294 counrra

207 405 281 466 fines
295 403 449 465 Romanos
468 405 670 465 incursionem
691 404 783 476 facit;
804 402 918 482 raptim
939 410 969 462 et
990 402 1029 462 ad
1050 402 1105 464 hos

208 486 349 546 Romana
382 483 463 564 legio
496 485 589 544 ducta
616 484 755 564 palantes
781 484 813 542 in
841 484 922 561 agris
950 485 1105 561 oppressit

208 565 283 626 Fosi
297 563 393 644 igitur
407 565 506 643 primo
520 565 626 643 inpetu
641 573 671 624 et
684 563 815 623 elamore
836 564 944 634 hostes,
959 562 1105 641 oppidum

207 655 342 726 captum,
357 643 532 723 duplicique
546 644 676 704 victoria
690 652 831 704 ovantem
847 641 1014 702 Romulum
1029 642 1106 702 Her·

127 739 128 742 ’
176 727 278 787 osilia
306 725 441 805 conjunx
469 723 608 802 precibus
636 733 794 802 raptarum
818 722 948 801 fatigata
970 730 1046 795 orat,
1070 729 1107 782 ut

99 805 106 820 ’
208 805 384 886 parentibus
398 825 502 864 earum
514 803 566 864 det
575 802 696 864 veniam
707 811 737 863 et
748 803 780 862 in
792 801 948 863 civitatem
958 802 1106 881 accipiat;

208 889 252 948 ita
279 905 344 946 rem
371 884 537 946 coalescere
565 882 728 944 concordia
749 901 843 962 posse.
885 881 990 942 Facile
1014 882 1107 962 impe·

207 973 331 1028 tratum.

247 1046 325 1106 Inde
346 1052 452 1106 contra
476 1042 689 1105 Crustuminos
712 1041 864 1122 profectus
889 1041 1005 1102 bellum
1033 1041 1107 1104 infe·
1164 1026 1167 1031 ’
1281 1029 1282 1062 ³

156 1129 195 1190 10
209 1135 316 1187 rentes.
357 1124 408 1185 Ibi
420 1124 520 1185 minus
535 1125 637 1196 etiam,
653 1122 735 1201 quod
749 1123 856 1184 alienis
871 1122 1010 1183 cladibus
1033 1123 1107 1183 ceei-

208 1207 317 1267 derant
344 1205 449 1278 animi,
478 1204 651 1265 certaminis
679 1203 747 1264 fuit.
802 1202 942 1282 Utroque
970 1202 1107 1264 coloniae

208 1287 332 1358 missae3
354 1285 456 1364 plures
470 1285 597 1358 inventi,
612 1283 666 1364 qui
680 1292 804 1362 propter
817 1283 987 1343 ubertatem
1007 1291 1107 1344 terrac

208 1367 240 1426 in
261 1365 489 1427 Crustuminum
513 1365 638 1426 nomina
661 1364 778 1424 darent.
820 1363 864 1423 Et
884 1363 1015 1423 Romam
1035 1363 1108 1423 inde

143 1461 145 1466 ’
208 1447 380 1540 frequenter
403 1445 570 1525 migratum
598 1452 652 1518 est,
673 1464 692 1504 a
716 1443 895 1524 parentibus
915 1443 1049 1504 maxime
1068 1463 1106 1505 aa

156 1527 195 1589 15
208 1535 664 1668 prllldiibbiinbarbmdbllbabinis
684 1603 801 1664 bellum
822 1613 933 1678 ortum,
950 1604 1107 1684 multoque

208 1686 240 1746 id
254 1686 424 1746 maximum
438 1685 516 1746 fuit:
536 1684 615 1744 nihil
630 1685 712 1744 enim
726 1705 779 1764 per
793 1685 870 1745 iram
890 1693 945 1746 aut
959 1685 1108 1766 cupidita·

208 1775 270 1826 tem
291 1775 393 1825 actum
414 1773 538 1838 estnec
559 1765 755 1826 ostenderunt
774 1765 890 1826 bellum
911 1767 1107 1847 priusquam

158 1855 160 1861 '
208 1845 387 1907 intulerunt.
429 1845 563 1905 Consilio
584 1845 676 1906 etiarn
694 1844 820 1906 ”additus
840 1845 936 1906 dolus.
978 1846 1107 1926 Spurius
1144 1872 1149 1880 ·

156 1928 195 1989 20
209 1925 355 2004 Tarpeius
383 1925 541 1986 Romanae
572 1933 712 2004 praeerat
745 1927 818 1986 arci.
874 1925 978 2006 Hujus
1010 1927 1107 1987 filiam

208 2007 357 2098 virginem
372 2024 446 2065 auro
461 2006 629 2085 corrumpit
639 2004 753 2079 Tatius,
764 2013 799 2066 ut
813 2014 945 2066 armatos
959 2007 991 2066 in
1006 2025 1107 2066 arcem

209 2085 525 2165 accipiat3-aquam
540 2085 618 2146 forte
631 2103 668 2145 ea
682 2094 748 2146 tum
769 2086 861 2146 sacris
883 2095 972 2147 extra
986 2087 1107 2147 moenia

208 2167 338 2245 petitum
351 2165 437 2226 ierat.
478 2163 608 2245 Accepti
622 2165 764 2227 obrutam
778 2166 870 2227 armis
884 2185 1040 2241 necavere,
1054 2186 1106 2227 seu

208 2255 243 2306 ut
256 2247 289 2306 vi
299 2253 390 2324 capta
400 2244 500 2324 potius
511 2265 568 2305 arx
576 2245 741 2320 videretur,
750 2266 802 2306 seu
812 2245 960 2326 prodendi
974 2245 1108 2326 exempli

155 2327 194 2388 25
209 2346 308 2399 causa,
323 2345 361 2386 ne
375 2325 450 2404 quid
464 2345 592 2405 usquam
606 2326 703 2386 fidum
718 2325 868 2406 proditori
882 2335 966 2387 esset.
1008 2326 1106 2387 Addi-

207 2416 258 2467 tur
271 2405 386 2476 fabula,
401 2406 481 2486 quod
496 2406 589 2486 vulgo
605 2407 712 2468 sabini
727 2425 834 2467 aureas
848 2406 986 2468 armillas
1000 2406 1106 2486 magni

206 2487 347 2566 ponderis
368 2486 493 2547 brachio
513 2486 602 2548 laevo
622 2496 849 2568 gemmatosque
872 2506 985 2566 magna
1008 2487 1108 2566 specie

207 2566 313 2627 anulos
341 2566 514 2641 habuerint,
536 2568 686 2647 pepigisse
713 2587 780 2628 eam
808 2567 890 2646 quod
918 2568 950 2627 in
978 2566 1107 2627 sinistris

206 2647 347 2706 manibus
375 2646 539 2720 haberent;
564 2667 600 2708 eo
627 2657 714 2708 scuta
741 2646 790 2707 illi
814 2667 869 2727 pro
897 2647 996 2707 aureis
1020 2646 1107 2706 donis

153 2727 193 2788 30
207 2735 356 2806 congesta
398 2725 477 2787 Sunt
498 2727 552 2807 qui
572 2747 649 2801 eam,
664 2747 703 2788 ex
717 2735 807 2806 pacto
822 2727 964 2788 tradendi
977 2726 1060 2808 quod
1074 2726 1107 2786 in

205 2807 333 2868 sinistris
367 2807 508 2867 manibus
542 2806 699 2881 haberent,
728 2807 848 2868 derecto
883 2827 970 2867 arma
1000 2805 1109 2886 petisse

205 2889 318 2961 dicant,
333 2895 372 2960 et,
387 2887 495 2948 fraude
508 2887 607 2950 visam
624 2907 723 2966 agere,
738 2907 794 2947 sua
807 2887 905 2966 ipsam
919 2896 1108 2967 peremptam

204 2968 348 3029 mercede.

244 3048 323 3110 XII.
364 3047 501 3109 Tenuere
521 3056 624 3108 tamen
650 3065 751 3117 arcem
775 3045 900 3120 Sabini3
922 3054 1014 3126 atque
1035 3044 1108 3106 inde

151 3129 189 3188 35
204 3137 323 3208 postero
337 3127 396 3201 die,
413 3148 482 3188 cum
498 3127 655 3187 Romanus
675 3127 827 3188 exercitus
846 3127 1012 3188 instructus
1027 3125 1108 3206 quod

85 3278 91 3286 .
203 3209 284 3270 inter
310 3207 488 3268 Palatinum
514 3206 784 3286 Capitolinumque
806 3206 916 3267 collem
938 3207 1039 3284 campi
1064 3213 1110 3266 est

126 3327 130 3337 x
204 3287 391 3367 complesset,
401 3307 461 3345 non
473 3286 558 3364 prius
570 3286 791 3370 descenderunt
806 3287 838 3346 in
853 3306 994 3366 aequum,
1005 3305 1108 3364 quam,

203 3369 250 3428 ira
264 3377 294 3428 et
311 3366 479 3445 cupiditate
499 3366 725 3443 recuperandae
744 3367 824 3426 arcis
845 3367 1025 3426 stimulante
1045 3365 1110 3425 ani·

203 3469 277 3523 mos,
288 3449 320 3508 in
335 3445 497 3507 adversum
512 3444 645 3504 Romani
659 3445 788 3506 subiere.
831 3444 989 3526 Principes
1002 3445 1108 3506 utrim-
