2628 3796
468 236 603 286 arasa
628 236 742 304 xx11,
769 220 900 296 sci-st.
1121 219 1183 288 197

228 415 269 457 se·
283 400 374 469 certe,
394 392 421 456 si
445 413 506 455 non
530 392 632 468 armis,
653 392 692 454 ab
713 391 799 456 hoste
821 391 1008 457 videbantur
1031 392 1133 456 deien-

228 495 299 537 surr.

268 555 402 618 Romam
416 574 455 616 ne
469 555 524 616 has
538 553 662 632 quidem
680 552 825 633 reliquias
844 574 998 633 superesse
1018 554 1133 617 civium

229 635 447 714 sociorumque,
461 635 514 695 sed
528 633 685 696 occidione
699 635 832 696 occisum
846 653 915 694 cum
931 633 1050 696 duobus
1064 655 1134 696 con·

229 714 347 776 sulibus
367 715 537 775 exercitum
557 713 733 794 deletasque
750 733 853 774 omnes
871 713 973 794 copias
993 715 1133 777 adlatum
1167 715 1188 778 5

229 795 341 867 fuerat.
382 793 559 874 Numquam
570 793 657 855 salva
669 793 743 854 urbe
753 794 1008 934 tantumpavoris
1022 795 1134 857 tumul·

230 884 340 954 tusque
359 874 442 936 intra
462 874 582 935 moenia
603 873 743 935 Romana
762 872 832 935 fuit.
892 885 983 954 taque
998 895 1135 938 succum·

231 954 302 1016 bam
317 954 411 1028 oneri,
421 973 519 1034 neque
532 953 695 1033 adgrediar
705 973 832 1015 narrare
842 974 920 1034 quae
930 955 1134 1018 edissertando

230 1035 351 1096 minora
364 1053 437 1097 vero
452 1034 572 1094 faciam.
614 1033 746 1096 Consule
760 1036 958 1115 exercituque
971 1035 1011 1096 ad
1026 1035 1135 1096 Trasu-

231 1134 377 1176 mennum
397 1114 498 1194 priore
518 1134 600 1175 auno
619 1114 738 1190 amisso,
752 1134 813 1175 non
828 1113 940 1176 vulnus
959 1135 1050 1195 super
1065 1116 1134 1179 vul·
1148 1117 1189 1180 10

231 1215 298 1267 nus,
318 1194 371 1256 sed
397 1194 562 1274 multiplex
587 1193 700 1269 clades,
724 1214 794 1256 cum
818 1194 936 1256 duobus
960 1195 1135 1260 consulibus

231 1275 294 1336 duo
318 1274 493 1336 consulares
520 1275 672 1336 exercitus
699 1274 802 1336 amissi
825 1275 1058 1351 nuntiabantur,
1078 1297 1135 1338 neo

231 1355 299 1416 ulla
308 1355 376 1435 jam
389 1364 489 1415 castra
501 1354 643 1416 Romana
656 1375 712 1416 neo
726 1355 836 1416 ducem
846 1375 902 1416 noc
913 1355 1042 1416 militem
1057 1377 1135 1431 esse;

230 1435 422 1496 Hannibalis
435 1434 595 1515 Apuliam,
612 1434 782 1509 Samnium,
797 1455 834 1496 ac
849 1435 916 1515 jam
931 1456 1026 1516 prope
1038 1445 1135 1498 totam

232 1515 360 1578 Italiam
371 1514 493 1577 factam.
536 1513 635 1576 Nulla
643 1515 779 1596 profecto
794 1514 856 1578 alia
870 1536 943 1595 gens
956 1525 1043 1578 tauta
1056 1515 1136 1580 mole
1151 1516 1190 1580 15

232 1597 329 1658 cladis
343 1615 405 1657 non
420 1596 530 1658 obruta
543 1606 628 1658 esset.
669 1595 834 1676 Compares
848 1597 967 1658 cladem
980 1597 1020 1658 ad
1036 1597 1136 1677 Aega·

232 1677 272 1740 tis
286 1676 400 1738 insulas
415 1676 713 1757 Carthaginiensium
723 1677 840 1757 proelio
849 1678 956 1740 navali
969 1687 1135 1758 acceptam,

233 1773 294 1833 qua
321 1753 411 1814 fracti
438 1753 543 1815 Sicilie
569 1775 606 1816 ac
627 1755 769 1816 Sardinia
790 1775 901 1816 cessere
928 1761 955 1816 et
981 1755 1138 1836 vectigalis

233 1853 269 1894 ac
292 1831 502 1912 stipendiarios
522 1833 596 1925 fieri¹
608 1854 639 1895 se
659 1833 738 1913 passi
758 1843 837 1908 sunt,
858 1843 913 1895 aut
932 1853 1066 1914 pugnam
1086 1835 1138 1896 ad·

233 1930 353 1974 versam
368 1911 400 1971 in
414 1911 533 1985 Africa,
549 1931 599 1972 cur
616 1920 721 1991 postea
740 1911 791 1972 hic
810 1911 876 2053 ips?
896 1910 1057 1972 Hannibal
1070 1933 1135 1974 suc-
1151 1911 1190 1979 20

234 1991 359 2053 cubuit:
380 1991 467 2052 nulla
487 2013 526 2052 cx
547 2000 634 2071 parte
655 2011 809 2072 conparan

233 2073 353 2133 minore
365 2072 467 2132 animo
480 2071 563 2134 latae
575 2081 656 2134 sunt.
854 2107 857 2112 ·

274 2152 346 2214 LV.
387 2152 422 2213 P.
434 2152 547 2214 Furius
561 2150 671 2213 Philus
685 2160 716 2214 et
728 2151 772 2214 M.
784 2151 970 2232 Pomponius
983 2162 1135 2233 praetores

234 2242 377 2296 senatum
390 2233 423 2292 in
437 2233 552 2294 curiam
568 2231 736 2293 Hostiliam
745 2242 941 2307 vocaverunt,
953 2244 987 2295 ut
1001 2234 1039 2294 de
1052 2233 1136 2295 urbis

234 2312 374 2375 custodia
388 2313 595 2386 consulerent;
616 2313 808 2392 nequeenim
822 2314 1015 2388 dubitabant,
1029 2313 1136 2376 deletis
1151 2312 1190 2376 25

234 2393 429 2467 exercitibus,
445 2393 561 2454 hostem
581 2392 622 2452 ad
642 2394 880 2474 oppugnandam
900 2394 1040 2467 Romam,
1054 2394 1136 2473 quod

235 2494 332 2534 unum
354 2494 429 2554 opus
449 2472 524 2534 belli
544 2481 679 2546 restaret,
694 2483 866 2535 venturum.
908 2473 986 2534 (ium
1000 2473 1033 2534 in
1046 2473 1136 2537 malis

234 2554 328 2616 sicuti
352 2553 535 2634 ingentibus,
556 2553 601 2615 ita
625 2553 745 2634 ignotis,
766 2573 804 2614 ne
828 2554 989 2615 consilium
1013 2555 1136 2634 quidem

234 2635 309 2696 satis
322 2633 510 2714 expedirent,
519 2633 763 2714 obstreperetque
777 2633 892 2695 clamor
902 2634 1136 2697 lamentantium

235 2714 410 2788 mulierum,
431 2721 470 2786 et,
491 2713 628 2774 nondum
648 2712 752 2792 palam
772 2713 863 2788 facto,
878 2714 944 2777 vivi
964 2715 1136 2795 mortuique
1150 2714 1190 2778 30

236 2814 292 2873 per
312 2814 415 2855 omnes
435 2813 532 2873 paene
552 2793 657 2854 domos
680 2794 850 2873 promiscue
875 2794 1136 2875 conplorarentur,

235 2883 304 2936 tum
318 2873 358 2951 Q,
373 2873 488 2936 Fabius
510 2873 669 2934 Maximus
690 2874 805 2934 censuit
827 2875 958 2954 ‘equites
979 2875 1137 2956 expeditos

235 2962 268 3015 et
288 2953 394 3033 Appia
417 2963 447 3014 et
471 2953 585 3014 Latina
605 2953 657 3015 via
678 2953 850 3028 mittendos,
871 2955 923 3034 qui
944 2954 1050 3017 obvios
1070 2976 1136 3035 per·

236 3033 410 3096 cunctando
423 3033 555 3113 (aliquos
566 3033 701 3112 profecto
715 3053 755 3094 ex
768 3033 842 3112 fuga
855 3034 965 3112 passim
978 3035 1137 3115 dissipatos

234 3113 315 3191 fore)
341 3113 482 3187 referant,
508 3133 586 3193 quae
608 3113 732 3174 fortuna
753 3113 909 3174 consulum
936 3125 1028 3194 atque
1052 3135 1136 3175 exer·
1151 3115 1191 3180 35

235 3195 354 3256 cituum
367 3194 416 3267 sit,
430 3203 469 3267 et,
483 3194 508 3254 si
522 3193 596 3272 quid
611 3192 653 3253 dii
669 3192 854 3266 inmortales,
869 3194 997 3256 miseriti
1017 3194 1136 3272 imperi,

234 3274 389 3354 reliquum
414 3273 547 3335 Romani
571 3273 703 3333 nominis
724 3272 862 3346 fecerint,
882 3273 936 3334 ubi
957 3294 1011 3334 eae
1031 3273 1136 3349 copiae

234 3354 315 3427 sint;
335 3373 395 3434 quo
409 3373 440 3414 se
454 3351 616 3414 Hannibal
630 3360 698 3430 post
711 3351 860 3430 proelium
876 3352 1048 3420 contulerit,
1063 3351 1137 3424 quid

234 3444 332 3516 paret,
354 3434 429 3516 quid
451 3441 524 3514 agat
545 3440 728 3511 acturusque
748 3431 797 3492 sit.
839 3429 927 3489 Haec
948 3425 1138 3504 exploranda,

887 2001 968 2067 aunt,
981 1993 1040 2054 nisi
1054 1993 1136 2074 quod
