2572 3790
546 237 807 288 nnnnsnrro.
1115 226 1158 292 15

236 396 380 460 ceterum
398 403 454 458 aut
474 416 523 456 me
542 415 628 456 amor
649 394 763 475 negotii
783 396 916 477 suscepti
936 396 1029 472 fallit,
1049 409 1105 463 aut

196 509 285 572 nulla
304 529 450 590 umquam
469 507 641 589 respublica
654 528 710 569 nec
723 509 820 590 major
833 531 890 572 nec
903 513 1037 576 sanctior
1049 535 1105 580 neo

196 622 285 684 bonis
298 620 445 702 exemplis
458 620 552 682 ditior
565 620 634 695 fuit,
644 641 701 682 nec
714 621 747 682 in
761 643 854 704 quam
868 625 1024 690 civitatem
1039 641 1104 693 tam
1177 693 1181 700 ,

196 756 281 799 serae
306 735 439 799 avaritia
469 736 653 818 luxuriaque
688 737 933 820 inmigraverint,
960 766 1017 809 nee
1049 748 1104 810 ubi

77 891 84 902 ·
196 862 300 917 tantus
320 873 357 915 ao
377 861 443 915 tam
463 853 518 918 diu
537 859 713 938 paupertati
734 879 771 922 ac
791 863 994 942 parsimoniae
1008 865 1104 928 honos
1138 867 1157 928 δ

197 968 308 1031 fuerit:
323 968 398 1031 adeo
412 979 527 1051 quanto
541 992 643 1033 rerum
657 975 767 1049 minus,
780 986 866 1040 tento
878 979 979 1042 minus
989 979 1105 1062 cupidi·

197 1088 269 1150 tatis
289 1094 363 1149 erat
403 1087 511 1170 Nuper
531 1090 659 1154 divitiae
678 1095 842 1158 avaritiam
863 1103 893 1157 et
913 1095 1103 1157 abundantes

196 1207 369 1288 voluptates
393 1207 574 1270 desiderium
602 1231 658 1292 per
685 1211 796 1273 luxum
824 1219 916 1291 atque
943 1208 1102 1270 libidinem

197 1325 345 1404 pereundi
355 1325 560 1406 perdendique
570 1329 673 1389 omnia
684 1327 837 1390 invexere.
866 1323 926 1386 Sed
940 1321 1102 1403 querellae,

68 1503 78 1514 ,
197 1451 315 1506 netum
329 1444 451 1524 quidem
466 1451 571 1524 gratae
584 1441 715 1515 futurae,
731 1460 800 1502 cum
822 1437 950 1499 forsitan
970 1455 1101 1496 necessa-
1117 1434 1156 1496 10

196 1557 371 1632 decerunt,
387 1557 426 1619 ab
440 1557 529 1618 initio
543 1564 623 1618 certe
637 1563 741 1616 tantae
755 1551 920 1614 ordiendae
934 1549 977 1611 rei
992 1548 1101 1610 absint.

196 1671 275 1732 Cum
289 1671 377 1732 bonis
390 1671 490 1750 potius
510 1667 662 1731 ominibus
676 1666 816 1745 votisque
830 1673 861 1726 et
874 1661 1102 1743 precationibus

196 1783 321 1845 deorum
343 1781 537 1861 dearumque,
556 1780 591 1854 si,
616 1787 651 1840 ut
672 1779 776 1859 poetis,
790 1775 878 1838 nobis
898 1795 1017 1856 quoque
1037 1795 1102 1836 mos

193 1905 281 1967 esset,
301 1896 446 1958 libentius
469 1894 677 1973 inciperemus,
698 1899 735 1953 ut
758 1889 832 1952 orsis
855 1896 977 1951 tantum
1001 1888 1102 1968 operis

195 2029 347 2072 successus
361 2027 517 2090 prosperos
530 2005 646 2068 darent.
1115 1997 1156 2060 15

425 2663 430 2672 ’
534 2636 846 2830 aetat·
