2572 3790
149 211 191 280 76
315 231 407 279 r1r1
433 231 530 280 nrvr
555 230 610 278 aa
636 229 752 279 vanu
780 228 971 275 oonnrrn

201 389 285 468 regia
298 387 425 462 fecisset,
439 388 533 468 ipsius
547 386 626 466 regis
640 406 701 446 non
715 395 781 446 tam
793 385 893 446 subito
907 406 1020 525 pauore
1033 406 1100 466 per·

200 470 278 531 culit
330 478 396 530 ctus
410 488 502 548 quam
517 469 618 528 anxiis
631 465 763 546 inplevit
777 465 865 528 curis.
924 475 1015 544 taque
1030 487 1099 526 cum

200 551 241 611 ad
255 489 381 630 puiriica
393 548 534 628 prodigia
548 547 671 608 Etrusci
684 555 806 608 tantum
819 555 903 608 vates
921 546 1100 607 adhiberen-

200 638 260 704 tur,
274 630 332 692 hoc
344 629 431 691 velut
451 627 615 688 domestico
637 627 800 688 exterritus
813 626 882 688 visu
900 625 1037 706 Delphos
1059 625 1101 686 ad

165 710 333 772 limaxime
352 708 494 770 inclitum
515 706 548 768 in
568 706 656 770 terris
676 706 836 768 oraculum
849 706 970 768 mittere
983 707 1100 767 statuit

198 790 306 871 Neque
319 809 462 870 responsa
481 789 611 850 sortium
633 786 691 847 ulli
712 786 768 848 ulii
790 786 978 848 committere
999 806 1100 859 ausus,

198 870 273 931 duos
296 869 375 930 filios
399 889 453 948 per
477 869 487 930 i
509 877 596 930 notas
623 887 660 930 ea
682 873 862 947 tempestate
889 875 995 940 terras,
1015 866 1100 946 igno·

197 950 277 1010 tiora
300 949 406 1030 maris,
431 949 465 1010 in
520 948 651 1011 raeciam
678 948 770 1009 misit
812 945 900 1009 Titus
923 955 954 1009 et
977 946 1100 1008 Arruns

217 1031 332 1092 refecti.

143 1050 216 1172 10p
236 1110 344 1172 (lomes
366 1110 403 1172 iis
427 1109 551 1173 additus
575 1109 612 1172 L
638 1109 899 1188 JuniusBrutus,
920 1105 1099 1188 Tarquinia,

195 1210 295 1251 sorore
308 1191 395 1271 regis,
410 1200 510 1265 natus,
520 1191 644 1272 juvenis
658 1190 749 1271 longe
767 1189 847 1251 alius
867 1188 991 1269 ingenii,
1006 1209 1100 1269 quam

196 1272 281 1350 cujus
302 1271 527 1332 simulationem
541 1271 692 1333 induerat
733 1269 766 1331 Is
780 1290 850 1331 cum
864 1269 1010 1349 primores
1024 1270 1099 1331 civi·

196 1351 276 1425 tatis,
292 1351 323 1411 in
339 1351 449 1430 quibus
471 1351 598 1412 fratrem
619 1371 718 1424 suum,
732 1349 772 1412 ab
791 1349 945 1412 avunculo
959 1349 1099 1410 interfec-

194 1439 241 1491 tos
267 1431 409 1505 audisset,
437 1451 535 1510 neque
562 1432 596 1492 in
623 1431 726 1492 auimo
753 1451 808 1492 suo
839 1430 893 1510 qui
932 1450 1004 1490 uam
1032 1430 1099 1510 regi

142 1511 180 1571 15
194 1511 364 1572 timendum
386 1531 484 1591 neque
505 1512 538 1572 in
560 1511 685 1572 fortuna
709 1510 908 1590 concupisceu
931 1531 982 1570 um
1007 1511 1098 1571 relin-

194 1611 285 1670 quere
305 1592 424 1664 statuit,
447 1600 684 1671 contemptuque
706 1599 791 1652 tutus
813 1609 884 1664 esse,
899 1590 953 1652 ubi
974 1591 1008 1650 in
1025 1592 1097 1671 jure

193 1691 302 1765 parum
316 1671 460 1752 praesidii
474 1679 558 1733 esset.
601 1671 685 1751 Ergo
705 1691 744 1732 ex
766 1671 918 1733 industria
936 1671 1035 1732 factus
1055 1672 1097 1732 ad

193 1752 394 1812 imitationem
416 1751 575 1826 stultitiae,
598 1772 669 1812 cum
690 1772 723 1812 se
743 1770 859 1831 suaque
880 1751 1011 1831 praedae
1033 1771 1097 1812 esse

193 1831 257 1910 regi
278 1831 398 1905 sineret,
413 1830 504 1893 Bruti
519 1851 639 1911 quoquc
652 1831 729 1892 haut
747 1831 857 1893 abnuit
871 1851 1045 1910 cognomen,
1060 1840 1097 1892 ut

140 1910 180 1971 20
193 1911 249 1972 sub
264 1911 328 1991 ejus
342 1911 468 1972 obtentu
483 1912 671 1990 cognominis
684 1911 831 1973 liberator
845 1911 899 1972 illc
913 1911 1017 1991 popul‘
1085 1947 1096 1958 -

192 1991 277 2050 mani
289 1991 409 2052 animus
419 1991 517 2052 latens
527 2011 566 2070 op
606 1992 717 2052 riretur
727 2001 865 2071 tempora
878 2011 941 2052 sua
1028 2000 1096 2052 tum

193 2071 233 2132 ab
246 2069 421 2150 Tarquiniis
435 2071 545 2133 ductus
588 2070 702 2165 elphos,
711 2070 881 2132 ludibrium
889 2070 991 2133 verius
1002 2091 1095 2150 quam

193 2171 299 2224 comes,
314 2171 441 2212 aureum
455 2150 601 2212 baculum
617 2150 772 2212 inclusum
793 2171 903 2213 corneo
923 2159 1033 2213 cavato
1053 2152 1096 2213 ad

192 2231 224 2290 id
249 2229 359 2292 baculo
382 2231 487 2292 tulisse
511 2231 625 2291 donum
644 2230 787 2310 Apollini
810 2231 934 2306 dicitur,
953 2253 1009 2313 per
1031 2253 1095 2293 am·

140 2309 179 2369 25
193 2309 233 2372 ba
254 2331 285 2372 cs
298 2311 427 2390 effigiem
442 2311 556 2390 ingenii
570 2311 626 2372 sui.

233 2332 304 2468 &uo
325 2400 485 2471 postquam
506 2400 633 2452 ventum
656 2399 710 2465 est,
726 2390 868 2472 perfectis
888 2391 986 2485 patris
1008 2412 1095 2452 man-

193 2470 282 2544 datis,
297 2471 408 2550 cupido
421 2470 543 2531 incessit
557 2471 674 2532 animos
691 2472 841 2550 juvenum
854 2472 1039 2546 sciscitandi,
1054 2473 1094 2535 ad

193 2571 282 2631 quem
296 2571 399 2611 eorum
413 2569 541 2630 regnum
556 2550 731 2611 Romanum
741 2561 818 2613 esset
828 2561 1000 2613 venturum.
1041 2553 1094 2613 Ex

192 2630 297 2691 infimo
324 2650 415 2710 specu
442 2649 548 2692 vocem
575 2631 728 2692 redditam
755 2631 874 2692 ferunt:
904 2632 1093 2712 “imperium

140 2708 178 2770 30
192 2729 344 2770 summum
372 2711 490 2772 Romae
516 2709 649 2784 habebit,
679 2711 732 2790 qui
758 2720 894 2774 vestrum
921 2713 1046 2790 primus,
1074 2734 1093 2775 ο

194 2791 330 2868 juvenes,
345 2789 482 2850 osculum
501 2791 594 2852 matri
615 2790 748 2853 tulerit.”
789 2790 957 2870 Tarquinii,
972 2802 1008 2853 ut
1020 2791 1094 2853 Sex·

192 2878 250 2942 tus,
265 2870 318 2955 qui
339 2870 456 2931 Romae
477 2870 602 2932 relictus
623 2871 732 2946 fuerat,
746 2870 870 2951 ignarus
889 2872 1023 2950 responsi
1042 2892 1093 2932 ex·

192 2969 319 3028 persquc
337 2950 459 3030 imperii
473 2959 558 3024 esset,
572 2970 637 3010 rem
651 2971 770 3011 summa
784 2971 840 3030 ope
853 2951 948 3012 taceri
962 2951 1091 3031 jubent;

192 3029 250 3110 ipsi
267 3031 345 3091 inter
364 3049 405 3103 se,
419 3038 488 3091 uter
501 3029 593 3108 prior,
609 3051 679 3090 cum
701 3030 832 3091 Romam
852 3031 985 3104 redisset,
1000 3033 1092 3092 matri

139 3106 327 3169 350s0u1um
348 3109 445 3181 daret,
461 3108 535 3170 sorti
555 3110 747 3188 permittunt.
788 3109 904 3170 Brutus
924 3110 986 3172 alio
1007 3121 1091 3172 ratus

190 3197 326 3266 spectare
348 3189 511 3268 Pythicam
535 3210 650 3261 vocem,
674 3189 759 3252 velut
782 3191 807 3250 si
831 3189 918 3268 prola
941 3211 991 3250 sus
1015 3191 1091 3251 oeci-

191 3267 291 3340 disset,
305 3276 418 3328 terram
439 3267 541 3328 osculo
562 3269 699 3348 contigit,
717 3269 833 3331 scilicet
853 3211 940 3349 quod
954 3290 991 3330 ea
1012 3291 1091 3331 com·

191 3347 291 3409 munis
318 3356 416 3409 mator
442 3347 579 3424 omnium
606 3349 784 3411 mortalium
811 3359 895 3414 esset
942 3350 1091 3414 Reditum
