2616 3790
478 251 612 299 mern
636 251 718 317 xxr,
745 233 830 302 7-8.
1108 237 1150 302 89

196 408 362 470 missilibus
389 408 569 470 submovere
595 408 722 481 hostem,
749 427 805 470 nec
832 408 995 489 quicquam
1023 408 1097 470 satis

196 499 297 550 tutum
312 488 521 550 munientibus
536 488 601 567 poti
610 509 617 560 ;
638 488 751 548 deinde
761 489 827 568 jam
842 509 903 550 non
938 510 972 550 ro
986 490 1098 550 moeni·

197 569 253 630 bus
273 569 364 629 modo
385 578 478 646 atque
498 569 576 628 turri
596 567 660 628 tela
679 568 801 641 micare,
815 569 867 629 sed
940 589 1098 649 erumpen-

197 650 271 709 dum
291 649 386 709 etiam
410 647 443 708 in
467 648 612 709 stationes
638 667 790 726 operaque
816 648 950 710 hostium
976 649 1097 710 animus

198 737 282 802 erat;
303 727 415 808 quibus
436 727 644 789 tumultuariis
664 727 882 789 certaminibus
902 729 985 790 haud
1003 729 1098 791 ferme
1131 733 1152 793 5

220 810 301 869 lures
327 807 491 888 Saguntini
518 807 670 869 cadebant
695 826 789 886 quum
813 807 917 870 Poeni
959 807 1006 871 Ut
1025 829 1098 872 vero

197 829 361 950 hannibal
388 889 461 968 ipse,
489 886 562 948 dum
590 907 713 948 murum
741 888 894 950 incautius
926 888 1019 963 subit,
1045 889 1098 951 ad·

197 989 320 1032 versum
345 968 445 1029 femur
467 968 591 1048 trugrda
669 967 749 1030 viter
768 968 847 1030 ictus
865 969 990 1043 cecidit,
1010 979 1099 1031 tanta

199 1050 282 1112 circa
294 1049 370 1129 fuga
383 1069 420 1110 ao
432 1048 596 1128 trepidatio
610 987 679 1122 iiiii,
693 1056 729 1110 ut
748 1067 810 1110 non
830 1048 962 1111 multum
982 1049 1099 1112 abesset

199 1132 306 1212 quino
345 1150 380 1191 ra
393 1150 429 1190 ac
443 1130 551 1191 vineae
564 1129 779 1191 desererentur.
1113 1134 1152 1198 10

238 1211 306 1273 VII
326 1256 333 1271 .
375 1209 501 1272 Obsidio
511 1210 621 1270 deinde
630 1229 685 1288 per
695 1229 807 1289 paucos
821 1211 885 1274 dies
898 1211 996 1292 magis
1006 1231 1099 1292 quam

198 1291 387 1371 oppugnatio
413 1289 482 1363 fuit,
504 1290 578 1350 dum
602 1289 715 1353 vulnus
736 1291 823 1353 ducis
847 1302 1023 1366 curaretur3
1043 1313 1099 1373 per

199 1372 281 1451 quod
303 1381 423 1450 tempus
444 1379 481 1431 ut
501 1371 585 1450 quies
607 1371 809 1432 certaminum
830 1381 906 1447 erat,
922 1372 968 1433 ita
987 1373 1027 1434 ab
1047 1393 1100 1452 ap-

199 1461 310 1532 paratu
324 1471 418 1530 operu
484 1452 719 1513 emunitionum
739 1452 819 1513 nihil
839 1463 997 1515 cessatum.
1038 1452 1100 1514 Ita-

122 1582 124 1592 .
200 1553 259 1612 que
274 1533 374 1594 acrius
394 1532 433 1594 de
451 1533 515 1595 inte
638 1542 719 1594 rtum
742 1542 788 1594 est
809 1533 935 1607 bellum,
950 1532 1154 1613 pluribus-15

200 1637 259 1696 que
287 1616 425 1696 partibus
453 1617 524 1696 (vix
550 1615 771 1696 accipientibus
798 1614 980 1695 quibusdam
1008 1636 1026 1676 o
1065 1635 1100 1677 ra

199 1698 289 1775 locis)
304 1700 412 1762 vineae
425 1709 549 1779 coeptae
567 1700 618 1778 agi
636 1698 853 1779 admoverique
865 1697 951 1759 aries.
992 1697 1024 1759 A
1046 1718 1100 1759 un·

200 1780 296 1841 dabat
306 1780 502 1842 multitudine
513 1780 671 1841 hominnm
682 1780 803 1840 Poenus
815 1780 870 1860 (ad
881 1788 1004 1841 eentum
1014 1780 1100 1860 quin-

200 1862 350 1941 quaginta
373 1861 460 1921 milia
483 1860 624 1922 habuisse
651 1861 684 1920 in
711 1859 804 1921 armis
831 1861 904 1922 satis
931 1859 1099 1933 creditur);

199 1943 348 2021 oppidani
374 1942 415 2002 ad
442 1941 545 2003 omnia
570 1941 686 2002 tuenda
712 1950 804 2020 atque
831 1941 972 2002 obeunda
998 1940 1100 2001 multi·
1114 1943 1154 2006 20

199 2021 311 2082 fariam
326 2023 463 2083 distineri
477 2022 577 2102 coepti
589 2031 678 2096 sunt;
699 2041 760 2083 non
780 2021 971 2084 sufficiebant
987 2021 998 2082 i
1052 2041 1099 2082 ue.

200 2101 223 2164 J
224 2123 274 2162 am
289 2102 477 2164 feriebantur
489 2103 635 2164 arietibus
649 2102 739 2176 muri,
753 2111 971 2182 quassataeque
984 2122 1036 2162 mu
1050 2111 1100 2162 tae

199 2192 303 2262 partes
330 2191 435 2257 erant;
462 2203 526 2244 una
552 2183 777 2244 contineutibus
805 2183 902 2244 ruinis
929 2182 1102 2243 nudaverat

200 2263 327 2336 urbem;
347 2264 404 2324 tris
423 2264 565 2343 deinceps
588 2264 691 2336 turris,
713 2272 922 2342 quantumque
945 2263 1026 2322 inter
1049 2281 1100 2322 eas

198 2343 281 2404 muri
295 2350 450 2416 arctoum
463 2343 584 2423 fragore
594 2343 711 2422 ingenti
721 2343 926 2425 prociderunt.
966 2341 1012 2404 Oa
1033 2349 1099 2402 tum
1114 2345 1154 2406 25

198 2423 348 2502 oppidum
368 2443 405 2484 ea
424 2424 515 2484 ruina
535 2424 728 2485 crediderant
748 2423 860 2495 Poeni;
882 2443 951 2501 qua,
968 2362 1055 2483 veiirt
1074 2421 1100 2482 si

198 2504 316 2583 pariter
342 2512 485 2583 utrosque
512 2523 617 2564 murus
643 2505 777 2577 texisset,
804 2504 850 2564 ita
882 2503 1036 2582 utrimque
1067 2502 1099 2561 in

198 2602 336 2662 pugnam
351 2603 527 2664 procursum
541 2593 595 2659 est.
636 2583 726 2644 Nihil
743 2582 963 2644 tumultuariae
979 2601 1100 2662 pugnae
1202 2633 1208 2642 .

198 2663 300 2724 simile
322 2673 397 2737 erat,
418 2664 522 2744 quales
546 2665 579 2724 in
603 2662 881 2744 oppugnationibus
903 2663 1026 2723 urbium
1039 2678 1101 2742 'per

198 2744 387 2805 occasionem
407 2745 502 2824 partis
522 2745 647 2806 alterius
668 2743 784 2805 conseri
803 2743 917 2816 solent;
938 2743 989 2803 sed
1000 2742 1101 2821 justae
1114 2745 1154 2806 30
1242 2765 1244 2772 ·

198 2823 290 2897 acies,
298 2823 386 2886 velut
398 2825 515 2905 patenti
527 2844 644 2905 campo,
655 2825 736 2884 iuter
750 2823 854 2884 ruinas
868 2822 948 2884 muri
960 2830 1102 2900 tectaque

198 2903 285 2964 urbis
299 2904 418 2966 modico
428 2905 575 2966 distantia
589 2904 753 2966 intervallo
766 2903 974 2964 constiterant.
1015 2900 1101 2962 Hinc

197 3002 275 3062 spes,
297 2983 370 3045 hinc
389 2985 560 3065 desperatio
580 2985 697 3044 animos
717 2984 843 3057 inritat;
865 2982 967 3044 Poeno
987 2982 1101 3061 cepisse

199 3063 267 3142 jam
291 3084 323 3124 se
345 3063 462 3138 urbem,
482 3064 508 3125 si
528 3063 655 3144 paulum
680 3063 848 3136 adnitatur,
868 3063 1027 3135 credente;
1048 3061 1101 3122 Sa-

198 3143 338 3221 guntinis
356 3164 412 3223 pro
428 3144 546 3205 nudata
563 3143 722 3204 moenibus
742 3143 843 3222 patria
863 3162 991 3221 corpora
1011 3161 1101 3220 oppo
1115 3141 1154 3202 35

198 3223 352 3297 uentibus,
366 3243 423 3284 nec
437 3223 502 3285 ullo
515 3224 622 3303 pedem
636 3223 793 3295 referente,
807 3242 846 3282 ne
866 3221 899 3281 in
920 3221 1061 3281 relictum
1082 3240 1102 3280 a

198 3321 231 3361 se
256 3302 358 3363 locum
381 3303 498 3364 hostem
521 3305 697 3362 inmitteret.
740 3302 849 3379 Itaque
870 3320 930 3377 quo
950 3299 1050 3358 acrius
1071 3307 1102 3357 et

200 3381 330 3442 conferti
344 3383 440 3461 magis
460 3384 613 3461 utrimque
627 3380 816 3459 pugnabant,
831 3398 867 3437 eo
881 3378 984 3454 plures
998 3375 1102 3433 vulne·

200 3460 361 3536 rebantur,
382 3462 469 3523 nullo
492 3462 572 3521 inter
594 3480 681 3520 arma
702 3473 889 3535 corporaque
907 3472 988 3515 vano
1011 3451 1102 3507 inter-
