2616 3790
145 225 210 291 172
312 239 526 290 r1r1n1v1
554 238 610 288 sn
635 236 750 288 vasu
779 236 972 285 conum

195 397 314 479 perium
341 417 412 459 esse.
453 396 563 476 Itaque
588 416 621 456 se
646 415 814 475 numquam
833 393 985 457 volentem
1006 402 1095 474 parto

195 498 256 558 qua
269 487 369 558 posset
381 497 483 538 rerum
498 476 624 538 consilio
637 475 838 555 gerendarum
853 495 1022 548 cessurum;
1038 496 1094 537 nec

193 578 225 618 se
241 566 379 638 tempora
398 568 453 618 aut
474 557 538 617 dies
558 555 679 635 imperii
693 575 763 616 cum
777 575 822 628 eo,
836 556 1003 616 exercitum
1017 555 1095 617 divi·

192 657 308 712 surum,
321 637 443 716 suisque
456 636 598 709 consiliis,
613 635 758 715 quoniam
775 635 879 696 omnia
898 655 958 695 non
979 635 1094 709 liceret,

160 719 271 796 oquae
294 726 394 798 posset
417 717 627 779 servaturum'
669 715 721 776 Ita
742 714 877 795 optinuit
896 724 932 775 ut
951 714 1094 794 legiones,
1117 747 1123 754 ·

192 799 270 858 sicut
284 796 458 858 consulibus
471 816 536 856 mos
549 803 633 869 esset,
647 795 728 856 inter
741 815 773 855 se
786 795 975 856 dividerent:
992 795 1095 873 prima

191 885 222 938 et
232 885 342 957 quarta
352 875 499 950 Minucio,
507 875 641 936 secunda
651 886 683 936 et
692 875 782 936 tertia
796 874 895 935 Fabio
908 883 1093 949 evenerunt;

190 956 263 1018 item
288 958 404 1037 equites
427 957 495 1036 pari
518 975 655 1028 numero,
671 955 845 1034 sociumque
865 963 896 1014 et
915 953 1022 1014 Latini
1042 975 1094 1014 no·

190 1037 280 1098 minis
300 1037 428 1110 auxilia,
443 1035 630 1098 diviserunt:
651 1035 758 1096 castris
779 1054 899 1116 quoque
911 1054 943 1095 se
956 1034 1093 1116 separari

137 1119 176 1180 10
189 1136 240 1177 ma
261 1117 332 1177 ister
382 1116 481 1177 uitum
496 1114 603 1179 voluit.

298 1196 365 1259 VIl
385 1242 392 1257 .
434 1196 562 1275 Duplex
582 1195 654 1257 inde
674 1193 849 1256 Hannibali
866 1194 1014 1274 gaudium
1031 1194 1092 1257 fuit

190 1277 395 1357 (nequeenim
410 1277 574 1356 quicquam
595 1296 708 1349 eorum,
722 1295 801 1355 quae
814 1285 890 1354 aput
903 1275 1002 1336 hostes
1023 1296 1092 1354 age-

187 1366 301 1431 rentur,
316 1377 386 1418 eum
406 1356 544 1430 fallebat,
558 1364 589 1417 ct
609 1356 743 1436 perfugis
763 1355 863 1416 multa
883 1355 1091 1418 indicantibus

186 1445 218 1497 et
241 1457 295 1517 per
318 1457 386 1497 suos
410 1436 655 1516 explorantem:
675 1455 748 1496 nam
768 1444 800 1496 et
819 1434 948 1496 liberam
969 1434 1091 1498 Minuci

135 1520 173 1581 15
187 1517 388 1578 temeritatem
412 1536 444 1577 se
466 1536 521 1577 suo
544 1517 635 1577 modo
659 1524 864 1595 captaturum,
885 1523 915 1576 et
935 1515 1090 1577 sollertiae

187 1596 277 1658 Fabii
304 1597 467 1657 dimidium
494 1596 608 1659 virium
637 1595 805 1658 decessisse
846 1594 996 1656 Tumulus
1023 1605 1091 1658 erat

185 1676 265 1738 inter
277 1686 388 1738 castra
408 1676 528 1737 Minuci
555 1685 588 1738 et
614 1676 795 1750 Poenorum,
816 1694 907 1753 quem
928 1675 982 1754 qui
1001 1696 1089 1738 occu·

185 1766 293 1836 passet,
308 1757 392 1817 haud
407 1756 499 1817 dubie
514 1757 698 1836 iniquiorem
718 1765 784 1818 erat
804 1755 885 1816 hosti
903 1754 1004 1816 locum
1027 1756 1089 1818 fac·

184 1847 279 1898 turus.
322 1837 404 1897 Eum
417 1855 479 1897 non
493 1845 557 1898 tam
572 1856 679 1916 capere
699 1837 764 1898 sine
785 1835 951 1898 certamine
964 1835 1090 1899 volebat

131 1920 171 1982 20
184 1915 354 1990 Hannibal,
370 1934 555 1997 quamquam
576 1917 608 1977 id
629 1937 739 1997 operae
757 1917 890 1996 pretium
903 1924 979 1990 erat,
993 1937 1088 1996 quam

184 2017 307 2058 causam
322 1997 496 2058 certaminis
511 2017 581 2058 cum
596 1997 743 2071 Minucio,
758 2017 849 2076 quem
869 2016 1088 2076 procursurum

183 2077 223 2136 ad
234 2077 438 2138 obsistendum
449 2077 521 2138 satis
531 2076 655 2151 sciebat,
664 2077 851 2138 contrahere.
892 2075 978 2156 Ager
987 2079 1088 2140 omnis

184 2157 300 2217 medius
315 2166 380 2217 erat
393 2157 493 2236 prima
506 2158 606 2237 specie
616 2157 735 2218 inutilis
749 2157 929 2232 insidiatori,
940 2157 1014 2237 quia
1024 2179 1087 2220 non

183 2237 273 2298 modo
296 2237 433 2299 silvestre
454 2237 627 2318 quicquam,
651 2238 704 2299 sed
729 2258 768 2298 ne
792 2237 937 2317 vepribus
961 2239 1087 2317 quidem

130 2319 169 2381 25
183 2317 326 2379 vestitum
343 2317 486 2392 habebat,
500 2337 533 2378 re
553 2318 620 2397 ipsa
639 2327 730 2379 natus
751 2317 887 2397 tegendis
908 2318 1035 2393 insidiis,
1050 2339 1087 2382 eo

183 2397 280 2476 magis
304 2398 385 2477 quod
409 2398 442 2457 in
465 2397 550 2458 nuda
570 2397 653 2460 valle
680 2396 768 2459 nulla
787 2398 860 2459 talis
879 2397 964 2459 fraus
983 2399 1088 2471 timeri

182 2485 319 2556 poterat;
353 2485 383 2539 et
409 2486 497 2538 erant
523 2477 556 2537 in
585 2476 774 2540 anfractibus
801 2499 896 2541 cavae
922 2499 1022 2559 rupes,
1050 2489 1086 2542 ut

182 2558 332 2636 quaedam
346 2577 450 2618 earum
465 2557 597 2618 ducenos
611 2567 743 2620 armatos
757 2568 877 2638 possent
888 2579 1004 2638 capere.
1045 2561 1086 2621 In

181 2636 236 2696 has
250 2636 391 2711 latebras,
406 2646 480 2716 quot
494 2657 644 2718 quemque
658 2638 760 2699 locum
774 2648 845 2719 apte
858 2639 989 2700 insidere
1003 2650 1086 2720 pote·

129 2718 169 2779 30
182 2724 261 2789 rant,
276 2717 409 2797 quinque
424 2717 509 2780 milia
525 2719 698 2779 conduntur
718 2719 857 2798 peditum
877 2720 1086 2799 equitumque

182 2795 302 2856 Necubi
315 2805 418 2858 tamen
432 2807 487 2859 aut
500 2808 601 2859 motus
621 2798 751 2878 alicujus
771 2808 884 2860 temere
902 2801 1012 2879 egressi
1029 2811 1085 2862 aut

181 2875 284 2956 fulgor
311 2896 465 2938 armorum
493 2877 632 2938 fraudem
656 2878 687 2938 in
709 2879 792 2940 valle
816 2888 880 2940 tam
907 2889 1014 2959 aperta
1033 2881 1085 2942 de·

180 2964 304 3035 tegeret,
316 2957 411 3018 missis
426 2958 531 3037 paucis
545 2959 644 3038 prima
658 2958 728 3018 luce
740 2959 780 3020 ad
795 2959 978 3040 capiendum
992 2980 1083 3039 quem

180 3047 252 3096 ante
285 3036 419 3098 diximus
456 3039 620 3112 tumulum,
655 3039 768 3100 avertit
802 3039 905 3100 oculos
939 3039 1082 3102 hostium

127 3117 166 3177 35
181 3115 284 3176 Primo
305 3118 409 3178 statim
432 3126 594 3196 conspectu
615 3127 789 3197 contempta
811 3120 958 3198 paucitas,
972 3139 1009 3181 ac
1022 3120 1083 3181 sibi

180 3196 306 3274 quisque
333 3197 493 3275 deposcere
519 3196 675 3276 pellendos
703 3198 774 3258 inde
802 3199 896 3260 hostis
920 3219 956 3261 ac
979 3198 1083 3268 locum

179 3275 379 3353 capiendum3
401 3275 465 3335 dux
479 3276 543 3355 ipse
557 3276 636 3338 iuter
649 3276 857 3338 stolidissimos
871 3279 1083 3340 ferocissimos·

179 3373 238 3490 que
258 3353 298 3413 ad
319 3374 406 3414 arma
419 3364 517 3426 vocat,
532 3364 563 3414 et
577 3357 664 3417 vanis
685 3357 775 3416 minis
795 3358 934 3437 increpat
954 3359 1081 3421 hostem.

207 3432 336 3512 rincipio
356 3433 455 3495 levem
477 3443 664 3495 armaturam
687 3435 857 3515 [dimittit],
878 3438 987 3500 deinde
1012 3458 1083 3502 con·
