2628 3796
441 246 574 294 nrsrea
599 245 715 312 111111,
741 229 873 296 48-49.
1095 231 1155 296 191

202 402 375 484 parmisque
392 409 424 464 et
438 402 551 482 jaculis
570 411 642 464 ante
655 401 745 481 pedes
758 402 891 464 bostium
905 402 1056 484 projectis,
1069 403 1103 465 in

202 484 334 544 mediam
348 483 444 544 aciem
459 483 576 563 accepti
590 483 734 561 ductique
749 483 789 542 ad
804 483 927 544 ultimos
947 484 1103 546 considere

201 564 240 623 ab
254 573 340 642 tergo
354 562 510 642 jubentur.
551 562 600 623 Ac
613 562 688 622 dum
702 562 852 641 proelium
865 562 906 623 ab
920 563 1002 624 omni
1017 573 1104 644 parte

204 644 378 716 conseritur,
389 643 485 721 quieti
499 651 693 715 manserunt;
715 651 876 722 postquam
890 643 1026 704 omnium
1040 644 1104 704 ani-

202 743 265 782 mos
289 722 453 800 oculosque
476 732 681 801 occupaverat
704 731 867 796 certarnen,
887 731 954 784 tum
974 725 1103 803 arreptis
1137 723 1157 785 5

201 801 304 876 scutis,
319 821 397 880 quae
411 803 522 880 passim
536 802 615 863 inter
636 821 759 863 acervos
773 823 928 864 caesorum
943 823 1102 883 corporum

103 897 106 904 ’
202 890 299 942 strata
322 890 419 954 erant,
439 901 578 942 aversam
598 881 780 943 adoriuntur
804 882 976 944 Romanam
996 903 1103 959 acrem,

201 971 347 1040 tergaque
367 961 507 1021 ferientes
527 982 564 1022 ac
585 961 714 1054 poplites
735 961 893 1024 caedentes
912 971 1044 1042 stragem
1059 963 1104 1024 in·

201 1051 322 1120 gentem
336 1061 374 1102 ac
387 1041 532 1120 majorem
552 1040 709 1121 ahquanto
726 1061 870 1121 pavorem
884 1061 921 1104 ac
935 1042 1103 1104 tumultum

201 1121 347 1181 fecerunt
388 1119 466 1181 Cum
481 1121 556 1181 alibi
571 1130 667 1182 terror
680 1141 717 1182 ac
732 1121 814 1200 fuga,
825 1121 901 1182 alibi
914 1123 1057 1202 pertinax
1071 1124 1103 1184 in
1119 1123 1158 1185 10

201 1200 284 1261 mala
293 1201 360 1280 jam
373 1220 426 1280 spe
461 1201 588 1261 roelium
602 1210 687 1274 esset,
699 1199 887 1274 Hasdrubal,
900 1203 954 1282 qui
968 1223 1005 1264 ea
1018 1213 1105 1280 perte

201 1289 351 1360 praeerat,
371 1280 427 1341 sub
450 1289 535 1342 uctos
562 1301 602 1342 ex
628 1281 730 1342 media
756 1281 822 1342 acie
849 1281 1010 1355 Numidas,
1030 1283 1104 1363 quia

201 1360 301 1439 segnis
314 1381 418 1421 eorum
433 1381 503 1421 cum
516 1361 650 1422 adversis
663 1382 704 1440 pu
727 1381 767 1421 na
785 1370 860 1435 erat,
874 1362 915 1421 ad
928 1381 1105 1442 persequen-

202 1440 257 1500 dos
277 1440 390 1520 passim
411 1440 555 1520 fugientis
570 1441 674 1514 mittit,
689 1383 846 1521 llispanoe
859 1452 889 1502 et
903 1441 1010 1503 Gallos
1023 1443 1105 1522 equi·

202 1520 348 1661 tplsAfris
366 1541 460 1603 prope
475 1521 541 1601 jam
555 1521 639 1583 fessis
659 1521 751 1584 caede
770 1523 867 1602 magis
887 1541 981 1602 quam
1000 1542 1105 1603 pugna
1120 1522 1159 1584 15

201 1621 220 1662 a
244 1602 295 1661 'un
320 1601 351 1662 't.

237 1622 369 1743 bLgIlX.
410 1681 502 1745 Parte
522 1681 620 1744 altera
639 1702 760 1762 pugnae
780 1680 905 1755 Paulus,
920 1701 1105 1762 quamquam

203 1763 303 1843 primo
329 1762 434 1824 statim
461 1763 577 1843 proelio
603 1763 700 1825 funda
726 1763 862 1842 graviter
888 1762 968 1824 ictus
994 1762 1105 1837 fuerat,

203 1854 307 1904 tamen
321 1852 352 1904 et
366 1844 498 1905 occurrit
517 1864 607 1924 saepe
627 1863 697 1905 curn
718 1843 861 1905 confertis
881 1841 1055 1904 Hannibali
1075 1851 1107 1904 ct

203 1923 324 2018 aliquot
346 1923 421 2002 locis
443 1924 594 2004 proelium
617 1924 760 1997 restituit,
783 1922 1012 2003 protegentibus
1036 1923 1159 1985 11111120

203 2003 357 2083 equitibus
371 2004 527 2078 Romanis,
542 2004 657 2065 omissis
671 2012 821 2084 postremo
835 2003 1015 2083 equiequis
1036 2022 1105 2064 con·

202 2084 300 2145 sulem
311 2093 342 2144 et
355 2084 395 2144 ad
406 2084 572 2163 regendum
582 2104 694 2163 equum
704 2084 784 2147 vires
795 2082 984 2144 deficiebant.
1025 2081 1105 2144 Tum

203 2163 394 2224 renuntianti
414 2163 545 2237 cuidam,
560 2164 683 2243 jussisse
707 2163 861 2224 consulem
885 2162 925 2223 ad
946 2161 1036 2242 pedes
1056 2162 1106 2223 de·

203 2243 347 2305 scandere
360 2243 483 2322 equites,
497 2243 611 2305 dixisse
631 2242 841 2304 Hannibalem
862 2243 965 2304 ferunt
985 2247 1003 2275 “
1033 2262 1105 2302 uam

203 2323 339 2396 mallem,
353 2323 471 2386 vinctos
491 2323 568 2384 mihi
589 2323 767 2384 traderetl''
801 2323 951 2403 Equitum
967 2343 1000 2402 p¹
1027 2330 1106 2384 estre
1120 2323 1160 2384 25

202 2402 365 2482 proelium,
385 2402 476 2482 quale
496 2404 563 2483 jam
587 2403 671 2464 haud
694 2403 790 2464 dubia
813 2402 947 2464 bostium
967 2403 1106 2477 victoria,

203 2482 273 2557 fuit,
288 2503 358 2544 cum
371 2483 448 2544 victi
461 2483 539 2544 mori
557 2483 591 2543 in
604 2483 731 2563 vestigio
745 2482 873 2544 mallent
887 2502 978 2562 quam
992 2482 1107 2561 fugere,

202 2563 344 2636 victores,
358 2562 547 2623 morantibus
559 2563 719 2626 victoriam
733 2563 814 2636 irati,
829 2562 1019 2624 trucidarent
1032 2583 1107 2642 quos

203 2642 319 2722 pellere
332 2663 394 2703 non
407 2651 558 2721 poterant.
599 2643 788 2722 Pepulerunt
801 2651 904 2704 tamen
913 2643 979 2722 jam
993 2663 1107 2722 paucos

202 2722 376 2802 superantis
396 2731 426 2784 et
446 2721 552 2784 labore
572 2743 608 2784 ac
622 2723 800 2785 vulneribus
814 2722 913 2784 fessos.
955 2722 1034 2784 Inde
1047 2723 1106 2784 dis-
1121 2723 1161 2786 30

202 2801 298 2882 sipati
318 2821 421 2864 omnes
440 2811 521 2876 sunt,
535 2810 686 2882 equosque
706 2803 746 2864 ad
767 2803 873 2883 fugam
893 2802 946 2882 qui
965 2811 1109 2882 poterant

204 2880 392 2960 repetebant
444 2881 500 2944 (ln.
527 2882 679 2945 Lentulus
706 2883 847 2945 tribunus
873 2883 1009 2943 militum
1037 2902 1108 2944 cum

203 2961 440 3040 praetervehens
459 2982 538 3041 equo
557 2963 709 3024 sedentem
730 2963 762 3025 in
782 2983 857 3024 saxo
878 2982 984 3024 cruore
1006 2962 1108 3043 opple-

203 3051 271 3102 tum
287 3041 442 3102 consulem
456 3041 590 3116 vidisset,
606 3047 623 3075 “
633 3043 669 3103 L.
691 3042 835 3117 Aemili,''
857 3043 967 3122 inquit,
989 3047 1108 3122 “quem

203 3141 302 3181 unum
317 3121 467 3182 insontem
482 3121 590 3200 culpae
604 3122 700 3183 cladis
719 3121 883 3184 hodiernae
897 3123 947 3182 dei
961 3123 1108 3201 respicere
1123 3119 1162 3181 35

204 3200 327 3274 debent,
348 3221 423 3280 cape
443 3201 526 3261 hunc
547 3204 674 3281 equum!
697 3202 770 3262 dum
791 3211 822 3263 et
842 3202 900 3263 tibi
919 3202 1033 3263 virium
1054 3200 1109 3261 ali·

204 3280 280 3361 quid
300 3290 446 3361 superest,
460 3290 491 3342 et
506 3301 603 3342 comes
624 3302 679 3361 ego
692 3291 723 3342 te
736 3281 843 3342 tollere
856 3302 979 3360 possum
992 3301 1028 3340 ac
1042 3300 1109 3357 pro-

204 3370 315 3440 tegere.
357 3360 406 3421 Ne
426 3362 579 3422 funestam
600 3361 680 3421 hanc
700 3381 836 3440 pugnam
858 3367 956 3418 morte
977 3357 1109 3416 consulis

205 3440 329 3514 fecerim
351 3440 445 3502 etiam
465 3440 531 3502 sinc
551 3440 609 3502 hoc
629 3440 826 3502 lacrimarum
852 3437 937 3506 satis¹
949 3435 1110 3510 luctusque
