2572 3790
159 231 202 295 30
326 248 417 296 τιτι
444 249 540 297 n1v1
566 247 621 295 nn
648 248 764 297 vann
794 245 985 295 oonnrrs

211 403 350 467 volantia
368 404 488 473 inferre,
503 425 541 464 ex
555 411 726 466 transverso
740 403 857 482 impetu
870 402 952 463 facto
965 400 1108 464 dirimere

212 485 337 545 infestas
357 485 445 558 acies,
467 484 608 545 dirimere
628 484 699 557 iras,
719 483 793 543 hinc
813 491 914 575 patres
934 482 1007 542 hine
1027 483 1109 544 viros
1135 495 1137 498 '

212 573 342 637 orantes,
356 585 395 624 ne
408 564 555 643 sanguine
571 583 602 624 se
616 564 747 623 nefando
767 582 863 623 socerr
883 562 1046 642 generique
1065 583 1110 623 re·

211 652 394 723 spergerent,
421 663 460 704 ne
487 643 652 723 parricidio
679 641 870 702 macularent
897 652 1001 720 partus
1031 663 1108 716 suos,

180 725 199 784 5
212 734 357 804 nepotum
371 723 428 796 illi,
441 723 475 783 hi
489 723 619 784 liberum
640 721 823 801 progeniem.
865 725 882 753 “
891 721 924 782 si
942 721 1109 784 adfinitatis

213 805 369 876 intervos,
389 804 414 864 si
437 803 559 865 conubii
583 802 674 882 piget,
696 801 729 861 in
751 821 806 862 nos
825 802 935 863 vertite
958 802 1034 874 iras3
1055 822 1109 862 nos

214 903 305 944 causa
318 883 401 956 belli,
416 903 470 944 nos
485 882 648 945 vulnerum
662 901 698 942 ac
713 881 851 942 caedium
865 882 940 943 viris
954 901 990 942 ac
1004 902 1110 962 paren·

212 963 295 1024 tibus
321 983 441 1036 sumus3
470 962 578 1022 melius
644 961 773 1022 ribimus
801 982 893 1042 qnam
917 961 982 1022 sine
1005 961 1109 1024 alteris

213 1052 347 1104 vestrum
367 1043 479 1105 viduae
499 1050 553 1103 aut
573 1062 608 1102 or
630 1061 665 1102 ae
685 1041 851 1103 vivemus.”

162 1123 200 1184 10
254 1123 361 1184 Movet
371 1143 417 1182 res
428 1143 497 1183 oum
512 1121 742 1182 multitudinem
757 1121 940 1193 tumduccs3
955 1121 1109 1183 silentium
1192 1132 1196 1138 '

214 1212 245 1263 et
265 1203 422 1282 repentina
447 1202 482 1262 fit
506 1203 608 1280 quies;
636 1201 708 1262 inde
735 1202 775 1263 ad
802 1201 908 1262 foedus
936 1201 1109 1262 faciendum

213 1283 305 1344 duces
332 1283 500 1362 prodeunt;
532 1302 587 1341 nec
615 1303 720 1362 pacem
748 1281 847 1355 modo,
874 1281 927 1342 sed
954 1281 1108 1343 civitatem

213 1383 307 1423 unam
322 1383 361 1422 ex
376 1362 493 1422 duabus
515 1361 649 1435 faciunt;
672 1383 799 1441 regnum
820 1361 1003 1435 consociant,
1018 1362 1110 1440 impe

214 1444 294 1504 rium
314 1463 402 1503 omne
423 1441 583 1504 conferunt
603 1442 744 1503 Romam.
786 1442 835 1502 Ita
853 1442 1008 1520 geminata
1025 1442 1108 1515 urbe,

161 1523 200 1584 15
213 1532 249 1583 ut
262 1519 384 1583 Sabinis
398 1531 500 1582 tamen
514 1523 632 1602 aliquid
647 1521 780 1593 daretur,
797 1521 932 1598 Quirites
946 1542 965 1581 a
978 1520 1109 1583 (iuribus

213 1602 369 1683 appellati.
409 1603 644 1663 Monumentum
667 1603 730 1681 ejus
752 1622 882 1680 pugnae,
903 1601 956 1661 ubi
977 1602 1110 1680 primum

213 1705 252 1744 ex
271 1683 423 1763 profunda
441 1703 571 1744 emersus
592 1682 704 1761 palude
721 1703 833 1761 equum
848 1681 970 1742 Curtius
984 1682 1016 1741 in
1030 1681 1110 1743 vado

153 1768 161 1810 t
213 1765 330 1837 statuit,
344 1764 486 1824 Curtium
500 1763 601 1822 lacum
617 1761 821 1841 appellarunt.

254 1845 306 1904 Ex
320 1843 402 1904 bello
415 1853 479 1904 tam
494 1843 574 1904 tristi
589 1842 670 1903 laeta
689 1851 811 1921 repente
829 1861 891 1920 pax
910 1842 1039 1902 cariores
1059 1841 1111 1902 Sa·

162 1924 201 1986 20
213 1923 301 1984 binas
315 1923 390 1984 viris
410 1943 446 1984 ac
467 1922 644 2003 parentibus
658 1931 688 1982 et
702 1931 772 1982 ante
786 1941 888 1982 omncs
905 1921 1037 1982 Romulo
1053 1921 1112 2001 ipsi

214 2003 296 2064 fecit.
325 2003 454 2083 ‘Itaque
470 2024 538 2064 eum
553 2002 700 2082 populum
719 2003 751 2060 in
769 2002 869 2062 curias
889 2000 1017 2080 triginta
1035 2001 1112 2062 divi·

214 2083 308 2156 deret,
317 2085 442 2148 nomina
455 2104 560 2143 earum
572 2083 663 2143 curiis
674 2082 817 2161 inposuit.
834 2079 890 2140 *Id
901 2101 961 2141 non
971 2081 1111 2154 traditur,

215 2184 285 2224 cum
299 2164 376 2224 haut
389 2163 481 2223 dubie
495 2163 652 2242 aliquanto
667 2181 809 2222 numerus
824 2162 921 2240 major
934 2161 992 2222 hoc
1006 2161 1112 2220 mulie·

214 2263 283 2302 rum
297 2243 399 2315 fuerit,
414 2252 513 2305 aetate
527 2263 567 2302 an
583 2241 784 2322 dignitatibus
804 2243 866 2302 suis
880 2241 1055 2304 virorumve
1071 2261 1112 2302 an

162 2323 200 2384 25
213 2332 293 2384 sorte
307 2321 403 2383 lectae
417 2323 486 2397 sint,
501 2344 579 2402 quae
592 2323 716 2384 nomina
730 2322 822 2382 curiis
836 2322 953 2383 darent

255 2403 372 2463 Eodem
399 2412 534 2482 tempore
561 2413 591 2463 et
619 2402 774 2463 centuriae
797 2409 857 2463 tres
881 2402 1017 2480 equitum
1045 2421 1113 2462 con-

214 2483 345 2562 scriptae
364 2491 451 2543 sunt:
474 2483 660 2543 Ramnenses
681 2482 721 2542 ab
743 2482 884 2553 Romulo,
906 2481 945 2542 ab
966 2481 1001 2542 Τ.
1022 2480 1112 2542 Tatio

214 2563 361 2624 Titienses
389 2562 555 2642 appellati;
577 2563 745 2624 *Lucerum
772 2562 903 2622 nominis
930 2570 960 2623 et
988 2561 1113 2641 originis

215 2663 307 2704 causa
335 2643 452 2704 ineerta
478 2653 530 2703 est.
572 2643 650 2703 Inde
673 2664 735 2704 non
757 2642 847 2704 modo
871 2661 1038 2714 commune,
1060 2639 1112 2702 scd

162 2721 201 2784 30
215 2743 339 2784 concors
359 2724 451 2783 etiam
472 2743 599 2802 regnum
620 2723 738 2785 duobus
759 2722 879 2802 regibus
900 2721 966 2782 fuit.

255 2802 348 2864 XIV.
390 2801 463 2864 Post
486 2805 604 2882 aliquot
629 2823 724 2864 annos
748 2802 911 2882 propinqui
933 2801 1011 2880 regis
1031 2800 1113 2861 Tatii

215 2883 331 2963 legatos
346 2882 546 2944 Laurentium
562 2883 702 2962 pulsant;
724 2903 853 2962 cumque
867 2883 1035 2942 Laurentes
1044 2882 1114 2960 jure

214 2965 351 3043 gentium
381 2972 513 3043 agerent,
542 2964 625 3042 apud
653 2963 777 3023 Tatium
805 2963 906 3041 gratia
933 2981 1056 3022 suorum
1084 2969 1114 3022 et

216 3064 317 3122 preces
336 3044 405 3123 plus
424 3053 572 3122 poterant.
614 3043 714 3122 Igitur
735 3042 859 3103 illorum
880 3062 1010 3121 poenam
1030 3042 1063 3100 in
1083 3061 1114 3100 se

164 3123 202 3182 35
216 3123 325 3184 vertit:
348 3143 419 3183 nam
434 3123 556 3196 Lavini,
571 3143 640 3182 curn
656 3123 695 3182 ad
711 3122 856 3182 sollemne
876 3122 1058 3183 sacrificium
1079 3141 1114 3180 eo

215 3204 354 3276 venisset,
367 3222 514 3262 concursu
529 3203 609 3262 facto
625 3201 813 3262 interficitur.
849 3203 929 3262 Eam
941 3222 1004 3264 rem
1016 3201 1115 3260 minus

216 3301 305 3358 aegre
320 3302 411 3360 quam
427 3282 554 3360 dignum
565 3292 631 3340 erat
644 3281 748 3340 tulisse
763 3281 930 3350 Romulum
942 3283 1115 3354 ferunt‚seu

217 3361 256 3422 ob
277 3361 403 3420 infidam
424 3362 599 3420 societatem
620 3361 716 3438 regni,
737 3379 789 3419 seu
810 3361 883 3438 quia
904 3362 981 3421 haut
1002 3361 1115 3440 injuria

217 3459 338 3500 caesum
366 3439 517 3500 credebat.
558 3438 667 3518 Itaque
695 3439 775 3500 bello
799 3439 920 3518 quidem
950 3441 1115 3511 abstinuit;
