2628 3796
123 231 187 296 216
290 246 383 293 rrrr
409 247 508 296 u1v1
538 248 595 296 aa
621 249 736 298 vaae
761 249 952 298 counrra

176 411 227 464 tae
254 423 339 463 reum
366 413 568 466 accusarunt:
604 405 703 466 filium
731 414 856 485 captum
889 407 954 467 sine
987 409 1086 487 pretio

177 483 340 555 redditum,
365 483 565 563 omnibusque
591 485 660 546 aliis
687 486 776 546 rebus
803 485 985 565 Scipionem,
1008 497 1087 548 tam·

178 583 269 642 quarn
291 563 324 622 in
344 563 408 642 ejus
429 563 519 624 unius
541 584 634 624 manu
658 585 721 645 pax
745 565 887 627 Romana
910 566 1087 646 bellumque

149 699 150 702 ,
177 650 263 716 esset,
279 641 319 703 ab
335 641 491 704 Antiocho
511 643 646 716 cultum;
667 645 847 706 dictatorem
868 666 938 706 eum
958 649 1086 720 consuli,

145 724 239 786 buon
259 722 394 800 legatum
414 722 447 782 in
467 723 627 802 provincia
640 723 748 797 fuisse;
769 744 825 786 nec
846 725 885 786 ad
906 725 1000 787 aliam
1020 748 1087 787 rem

178 823 213 863 eo
233 803 402 882 profectum
422 822 516 882 quam
537 812 580 877 ut,
594 803 628 863 id
648 804 730 883 quod
751 803 931 884 Hispaniae,
952 805 1086 881 Galliae,

177 882 311 956 Siciliae,
329 881 457 944 Africae
478 883 544 962 jam
568 884 687 963 pridem
711 905 888 964 persuasum
914 894 1000 959 esset,
1024 886 1084 948 hoc

178 961 327 1024 Graeciae
336 961 490 1041 Asiaeque
499 972 530 1024 et
540 963 680 1025 omnibns
691 965 731 1026 ad
742 966 890 1026 orientem
900 966 994 1028 versis
1007 967 1087 1045 regi·

177 1041 235 1103 bus
261 1042 463 1122 gentibusque
489 1044 660 1124 adpareret,
687 1065 783 1105 unum
811 1044 974 1106 hominemv
992 1055 1087 1126 caput

126 1120 165 1183 10
179 1122 378 1202 columenque
399 1123 519 1201 imperii
539 1124 673 1185 Romani
693 1145 765 1198 esse,
778 1125 835 1185 sub
848 1125 958 1186 umbra
970 1125 1087 1205 Scipio·

178 1203 226 1263 nis
240 1203 395 1264 civitatem
409 1201 564 1264 dominam
585 1204 666 1265 orbis
687 1214 838 1266 terrarum
857 1205 962 1279 latere,
975 1216 1086 1267 nutum

178 1283 243 1362 ejus
256 1303 311 1362 pro
325 1281 453 1344 decretis
473 1292 605 1362 patrum,
619 1305 675 1363 pro
695 1285 801 1364 populi
817 1285 909 1365 jussis
923 1306 993 1347 esse.
1034 1286 1087 1346 In·

178 1363 273 1423 famia
293 1363 444 1424 intactum
463 1363 591 1437 invidia,
611 1384 674 1443 qua
693 1373 828 1444 possunt,
850 1374 967 1444 urgent.
1008 1365 1087 1427 Ora*

177 1441 312 1505 tionibus
325 1444 358 1503 in
372 1452 492 1504 noctem
505 1444 669 1523 perductis,
682 1444 822 1524 prodicta
841 1445 905 1506 dies
925 1454 985 1521 est„
1020 1445 1086 1508 Ubi

125 1521 165 1582 15
179 1543 215 1583 ea
234 1523 328 1597 venit,
349 1523 466 1584 tribuni
487 1525 520 1584 in
540 1525 646 1586 rostris
665 1525 767 1604 prima
786 1525 855 1586 luce
876 1525 1086 1587 consederunt.

179 1603 299 1665 Oitatus
320 1624 388 1664 reus
408 1624 519 1682 magno
540 1605 663 1684 agmine
682 1606 849 1666 amicorum
867 1604 1087 1684 clientiumque

178 1703 234 1762 par
253 1684 384 1744 mediam
405 1684 576 1745 contionem
597 1684 638 1745 ad
658 1694 757 1746 rostra
780 1684 884 1758 subiit,
904 1684 1086 1764 silentioque
1128 1740 1144 1766 ,

178 1762 393 1838 facto,'“hoc”
413 1765 514 1843 inquit
536 1770 553 1796 ‘⁴
562 1765 622 1838 die,
636 1765 752 1826 tribuni
772 1764 870 1844 plebis
883 1785 996 1845 vosque
1011 1766 1087 1843 Qui·

178 1845 260 1917 rites,
274 1865 344 1905 cunr
359 1843 538 1905 Hannibale
551 1854 581 1906 et
596 1844 897 1924 Carthaginiensibus
910 1845 1004 1924 signis
1018 1865 1087 1906 con·

125 1923 166 1985 20
179 1925 250 1986 latis
264 1924 296 1985 in
307 1924 417 1986 Africa
432 1924 506 1985 bene
517 1945 553 1986 ac
564 1925 693 1986 feliciter
707 1925 853 2004 pugnavi.
895 1925 1005 2004 Itaque
1016 1945 1087 1986 cum

179 2005 270 2066 hodie
290 2004 395 2066 litibus
415 2014 446 2067 et
464 2005 575 2084 jurgiis
598 2026 632 2066 su
674 2005 786 2066 rsederi
805 2024 936 2084 aequum
959 2005 1009 2079 sit,
1030 2025 1087 2084 ego

179 2085 251 2146 hinc
279 2084 433 2165 extemplo
460 2086 492 2146 in
521 2026 706 2164 Capitolieum
724 2086 764 2146 ad
791 2085 903 2147 Jovem
936 2085 1088 2165 optimum

178 2166 358 2238 maximum,
392 2165 607 2244 Junonemqne
640 2173 672 2226 et
704 2165 879 2227 Minervam
913 2174 1088 2244 ceterosque

179 2245 259 2318 deos,
274 2246 327 2324 qui
340 2245 492 2325 Capitolio
512 2255 605 2325 atque
625 2245 689 2306 arci
709 2245 890 2324 praesident,
909 2244 1088 2306 salutandos

125 2324 165 2385 25
179 2325 239 2398 ibo,
254 2326 350 2404 iisque
363 2326 477 2405 gratias
491 2345 591 2405 agam,
605 2325 687 2404 quod
707 2325 784 2385 mihi
797 2334 828 2386 et
841 2325 899 2386 hoc
913 2325 978 2405 ipso
993 2324 1042 2386 die
1056 2335 1088 2386 et

178 2426 267 2484 saepe
290 2406 367 2467 alias
391 2405 510 2486 egregie
536 2406 687 2485 gerendae
714 2405 758 2465 rei
785 2404 926 2484 publicae
952 2413 1086 2465 mentem

178 2485 416 2565 facultatemque
446 2486 604 2548 dederuut.
656 2485 801 2547 Vestrum
829 2504 949 2564 qnoque
975 2484 1087 2564 quibus

178 2566 370 2626 commodum
391 2574 445 2641 est,
467 2567 613 2645 Quirites,
634 2566 676 2627 ite
697 2585 825 2636 mecum,
846 2573 877 2626 et
899 2572 984 2625 orate
1004 2564 1087 2637 deos,

177 2652 213 2705 ut
237 2645 296 2705 mei
320 2645 433 2707 similes
460 2647 613 2724 principes
640 2644 787 2718 habeatis,
811 2644 864 2718 ita,
884 2644 911 2704 si
934 2642 974 2705 ab
997 2645 1088 2705 annis

129 2725 168 2786 30
182 2724 393 2802 septemdecim
427 2724 467 2784 ad
501 2732 684 2785 senectutem
717 2742 834 2802 semper
864 2741 918 2783 vos
952 2729 1082 2782 aetatem

182 2823 281 2863 meam
295 2801 458 2864 honoribus
471 2803 578 2866 vestris
598 2804 742 2875 anteistis,
756 2821 810 2880 ego
824 2808 938 2863 vestrm
954 2800 1083 2860 honores

182 2883 271 2944 rebus
284 2883 422 2960 gerendis
458 2881 609 2942 raecessi.'’
650 2880 702 2942 Ab
723 2881 826 2942 rostris
841 2880 874 2940 in
895 2878 1082 2959 Capitolium

183 2965 323 3025 escendit.
345 2961 409 3023 Sim
463 2981 495 3022 se
514 2961 656 3022 universa
676 2961 775 3022 contio
795 2959 907 3022 avertit
926 2968 957 3019 et
979 2968 1083 3019 secuta

177 3045 350 3124 Scipionem
371 3045 514 3118 sotadeo
534 3052 571 3105 ut
589 3053 741 3124 postremo
761 3041 879 3102 scribae
892 3041 1085 3120 viatoresque

123 3126 163 3185 35
177 3125 314 3186 tribunos
338 3123 554 3203 relinquerent,
575 3144 632 3186 nec
655 3143 725 3186 cum
745 3121 783 3183 iis
803 3130 923 3200 praeter
943 3119 1086 3182 servilem

177 3203 357 3264 comitatum
370 3211 401 3264 et
414 3223 603 3281 praeconem,
618 3203 672 3283 qui
687 3222 772 3262 reum
786 3221 825 3262 ex
839 3201 944 3262 rostris
958 3199 1085 3273 citabat,

177 3283 338 3359 quisquam
358 3291 441 3342 esset.
483 3281 585 3359 Scipio
606 3303 668 3343 non
687 3282 721 3340 in
742 3280 896 3358 Capitolio
916 3281 1015 3355 modo,
1030 3279 1086 3340 sed

177 3380 232 3436 per
253 3369 348 3420 totam
371 3360 477 3420 urbem
499 3361 602 3420 omnia
626 3360 742 3439 templa
765 3360 855 3420 dedm
877 3380 947 3420 cum
970 3359 1087 3440 populo

177 3437 316 3498 Romano
337 3438 498 3498 circumiit.
539 3438 728 3500 celebratior
748 3440 774 3500 is
794 3459 890 3520 prope
903 3440 967 3502 dies
979 3441 1088 3503 favore
