2628 3796
473 222 604 271 menn
628 221 742 290 xxn,
770 203 899 272 56-57.
1123 199 1187 266 199

236 382 406 443 Romanam
427 379 681 459 adgrederentur;
702 379 806 458 itaque
820 378 914 440 classe
928 396 1003 457 opus
1022 375 1134 452 essaei

235 482 333 540 regem
348 460 464 521 socium
479 459 676 539 Siciliamque
690 461 769 520 tueri
783 458 916 521 vellent’

274 540 380 603 LVII.
423 539 550 600 Litteris
570 539 701 601 consulis
722 539 928 618 praetorisque
957 537 1041 610 lectu,
1075 555 1137 596 cero·

131 673 137 684 .
235 629 354 683 sumunt
395 629 559 702 praetorem
609 620 653 680 M.
682 618 857 689 Claudium,
884 618 938 698 qui
972 617 1060 679 classi
1094 616 1136 676 ad

236 701 354 762 Ostiam
367 701 462 761 stanti
476 709 635 780 praeesset,
650 697 816 760 Canusium
830 697 871 757 ad
885 698 1052 759 exercitum
1067 697 1135 757 mit·
1169 694 1191 757 5

235 781 371 854 tendum,
398 779 654 859 scribendumque
680 777 807 852 consuli,
836 786 880 852 ut,
907 797 977 837 curn
1005 776 1138 858 praetori

237 861 405 922 exercitum
425 859 607 933 tradidisset,
624 859 725 953 primo
745 876 866 936 quoque
885 865 1029 937 tempore,
1043 877 1138 937 quan·

236 951 302 1002 tum
316 940 576 1020 percommodum
591 959 634 999 rer
648 938 790 1019 publicae
803 937 869 998 fieri
883 945 991 1016 posset,
1006 936 1138 998 Romam

236 1021 362 1083 veniret.
418 1019 530 1080 Territi
558 1019 650 1080 etiam
679 1038 770 1098 super
796 1025 898 1078 tantas
933 1016 1033 1078 clades
1067 1037 1138 1077 cum

237 1101 342 1162 ceteris
361 1099 518 1180 prodigiis,
539 1108 606 1161 tum
627 1099 709 1179 quod
732 1098 811 1158 duae
831 1096 972 1159 Vestales
992 1117 1027 1158 eo
1047 1117 1138 1170 anno,
1153 1093 1194 1157 10

237 1180 363 1260 Opimia
382 1187 475 1260 atque
495 1178 651 1254 Floronia,
671 1179 771 1258 stupri
795 1186 966 1257 compertae,
987 1185 1019 1238 et
1041 1177 1140 1239 altera

236 1261 292 1322 sub
313 1269 405 1335 terra,
425 1259 473 1321 uti
493 1279 557 1320 mos
580 1268 634 1333 est,
655 1259 695 1319 ad
715 1267 837 1339 portam
857 1257 1011 1319 Collinam
1031 1265 1141 1318 necata

237 1341 347 1413 fuerat,
367 1340 466 1402 altera
488 1338 611 1400 sibimet
632 1339 699 1418 ipsa
723 1349 850 1399 mortem
875 1338 1081 1410 consciverat;
1102 1337 1140 1398 L.

238 1420 390 1483 Cantilius
403 1418 504 1481 scriba
516 1418 699 1499 pontificius,
715 1438 789 1498 quos
802 1437 885 1478 nunc
898 1418 1029 1478 minores
1043 1416 1142 1496 ponti·

238 1501 308 1562 lices
322 1499 490 1580 adpellant,
505 1499 642 1579 quicum
657 1497 805 1560 Floronia
824 1506 965 1577 stuprum
985 1497 1107 1570 fecerat,
1121 1515 1141 1556 a
1155 1492 1197 1555 15

238 1580 381 1662 pontifice
401 1580 537 1640 maximo
557 1600 592 1641 eo
611 1598 708 1658 usque
726 1578 821 1658 virgis
841 1577 875 1636 in
895 1577 1018 1638 comitio
1039 1595 1143 1637 caesus

239 1669 315 1735 1111,
339 1669 375 1721 ut
399 1661 480 1721 inter
503 1658 630 1721 verbera
657 1659 820 1738 expiraret.
862 1657 933 1718 Hoc
959 1655 1044 1717 nefus
1072 1676 1142 1718 cum

130 1745 138 1760 '
238 1742 320 1802 inter
340 1748 395 1813 101,
415 1748 452 1800 ut
470 1739 514 1813 fit,
536 1739 638 1800 clades
662 1739 695 1799 in
719 1737 893 1818 prodigium
912 1756 1034 1800 versum
1057 1745 1143 1811 esset,

239 1820 405 1883 decemviri
420 1819 514 1880 libros
528 1820 613 1880 adire
623 1819 699 1899 jussi
713 1826 794 1892 sunt,
808 1827 839 1880 et
854 1819 893 1896 Q.
909 1817 1025 1879 Fabius
1039 1817 1144 1880 Pictor

239 1901 378 1980 Delphos
394 1900 435 1961 ad
449 1899 607 1961 oraculum
628 1899 735 1960 missus
756 1907 801 1960 est
821 1899 1018 1973 sciscitatum,
1032 1897 1143 1978 quibus
1158 1897 1199 1961 20

175 2049 178 2052 ,
240 1981 382 2062 precibus
402 1979 620 2058 suppliciisque
637 1979 708 2040 deos
747 1987 848 2040 essent
863 1977 995 2059 placare,
1009 1987 1040 2039 et
1054 1999 1144 2058 quae-

240 2082 314 2122 nam
334 2061 440 2122 futura
460 2059 528 2120 finis
549 2059 643 2120 tantis
664 2059 714 2119 cla
737 2058 805 2120 ibus
825 2058 912 2120 foret.
953 2057 1082 2120 Interim
1104 2078 1145 2119 ex

241 2141 387 2202 fatalibus
401 2138 488 2200 libris
501 2139 651 2200 sacrificia
662 2139 705 2199 ali
726 2147 781 2200 uot
791 2138 1035 2200 extraordinaria
1045 2138 1144 2212 facta3

241 2223 322 2282 inter
335 2239 413 2300 quae
424 2218 535 2281 Gallus
548 2229 578 2280 et
592 2219 696 2292 Galla,
705 2159 842 2280 Craccus
855 2228 886 2281 et
900 2218 1020 2280 Graeca
1033 2218 1066 2278 in
1079 2218 1145 2279 foro

242 2301 370 2363 bovario
383 2300 439 2362 sub
453 2308 566 2362 terram
580 2299 646 2362 vivi
660 2299 782 2360 demissi
802 2308 875 2360 sunt
893 2299 927 2360 in
947 2299 1050 2360 locum
1070 2318 1145 2359 saxo
1159 2297 1200 2360 25

243 2389 449 2460 consaeptum,
460 2381 526 2460 jam
546 2388 619 2440 ante
638 2379 745 2442 hostiis
765 2379 917 2454 humanis,
938 2379 1065 2440 minime
1086 2379 1152 2457 Ro-v

242 2481 335 2522 mano
348 2480 443 2534 sacro,
457 2459 609 2521 inbutum.

285 2540 419 2601 Placatis
433 2540 515 2614 satis,
530 2548 565 2601 ut
578 2540 734 2615 rebantur,
748 2539 821 2615 deis,
835 2539 881 2602 M.
895 2539 1043 2602 Claudius
1064 2538 1146 2601 Mar·

245 2621 340 2684 cellas
360 2620 400 2681 ab
420 2619 508 2681 Ostia
528 2620 614 2680 mille
634 2629 665 2681 ct
706 2621 866 2700 cingentes
886 2621 1006 2696 milites,
1021 2640 1096 2701 quoa
1114 2621 1148 2680 in

241 2700 371 2772 ,classem
392 2700 519 2780 scriptos
539 2699 683 2774 habebat,
728 2721 838 2775 ornam,
853 2711 888 2762 ut
906 2701 976 2763 urbi
995 2701 1146 2782 praesidio
1161 2702 1201 2764 30

245 2790 352 2854 essent,
369 2781 483 2853 mittit3
505 2781 577 2860 ipse,
599 2780 717 2860 legione
738 2780 864 2843 classica
885 2783 936 2856 (ea
956 2783 1036 2861 legio
1055 2782 1148 2843 tertia

245 2866 327 2938 1111)
343 2881 413 2922 cum
428 2859 560 2921 tribunis
573 2861 707 2921 militum
722 2861 859 2923 Teanum
879 2861 1050 2924 Sidicinum
1063 2881 1148 2940 prae·

245 2942 347 3014 missa,
361 2940 455 3000 classe
469 2942 584 3002 tradita
598 2941 633 3001 P.
649 2939 745 3002 Furio
759 2942 852 3003 Philo
866 2942 1019 3022 conlegae,
1033 2960 1148 3021 paucos

246 3030 314 3102 post
328 3021 392 3082 dies
405 3019 572 3082 Canusium
586 3021 705 3099 magnis
719 3021 879 3082 itineribus
893 3021 1057 3084 contendit.

288 3100 366 3163 Inde
392 3100 525 3162 dictator
552 3121 591 3160 ex
617 3101 798 3162 auctoritate
826 3111 949 3180 patrum
975 3102 1076 3162 dictus
1102 3100 1147 3162 M.
1162 3102 1202 3163 35

247 3182 360 3246 Junius
380 3189 412 3242 et
427 3181 473 3242 Τ1.
491 3179 686 3259 Sempronius
707 3181 851 3259 magister
870 3181 1017 3259 equitum,
1032 3181 1148 3241 dilectu

247 3262 356 3334 edicto,
376 3260 508 3341 junioris
531 3260 570 3320 ab
594 3261 682 3321 annis
709 3259 923 3338 septemdecim
947 3268 978 3321 et
1001 3259 1149 3339 quosdam

247 3351 455 3422 praetextatos
478 3340 633 3413 scribunt;
658 3348 804 3417 quattuor
827 3359 868 3398 ex
891 3339 937 3398 his
961 3339 1095 3415 legiones
1118 3349 1149 3398 et

248 3421 335 3483 mille
360 3419 477 3502 equites
502 3418 609 3481 effecti.
649 3418 730 3479 Item
757 3417 799 3479 ad
825 3416 919 3478 socios
943 3416 1150 3490 Latinumque
