2572 3790
137 200 179 266 56
303 217 395 264 rrrr
423 216 521 266 n1v1
547 216 602 264 aa
629 216 744 266 vanu
773 217 966 265 counrra

191 373 395 434 circatorum
419 372 549 452 privatis
576 373 767 435 aedificanda
790 372 891 436 divisa
917 383 988 435 sunt
1012 374 1092 451 loca,

184 454 323 533 ‘porticus
343 453 548 532 tabernaeque
568 453 675 514 factae.

231 533 394 595 XXXVI.
423 532 515 593 Muro
525 553 644 613 quoque
654 534 686 594 la
707 534 774 595 ideo
785 535 974 597 circumdare
983 535 1093 597 urbem

191 613 329 694 parabat,
357 632 427 672 cum
455 611 603 674 Sabinum
633 555 748 674 belllm
775 615 890 694 coeptis
917 616 1092 679 intervenit.

158 694 341 772 dAdeoque
353 712 390 752 ea
402 692 505 753 subita
518 713 564 754 rcs
582 693 649 766 fuit,
665 702 700 754 ut
712 695 798 773 prius
812 695 964 756 Anienem
984 696 1093 758 transi-

192 782 261 835 rent
274 773 374 834 hostes
390 792 483 852 quam
503 771 626 836 obviam
645 774 691 834 ire
710 794 747 835 ac
767 774 929 854 prohibere
941 777 1093 837 exercitus

192 855 350 915 Romanus
363 861 470 932 posset.
512 852 621 933 Itaque
639 854 826 933 trepidatum
848 854 966 917 Romae
981 864 1040 928 est;
1061 865 1093 916 ct

191 935 290 1015 primo
310 933 406 994 dubia
418 933 557 1008 victoria,
572 954 684 1014 magna
697 934 852 1014 utrimque
868 936 959 997 caede
977 955 1093 1018 pugna·

191 1025 259 1077 tum
271 1024 325 1077 est.
367 1014 514 1076 Reductis
534 1013 644 1075 deindo
663 1014 697 1076 in
717 1023 818 1076 castra
835 1015 968 1076 hostium
988 1016 1092 1095 copiis,

139 1096 325 1176 redasque
343 1094 443 1176 spatio
460 1095 608 1156 Romanis
621 1095 662 1156 ad
676 1096 906 1190 conparandum
921 1097 959 1157 de
972 1097 1093 1176 integro

47 1193 52 1205 ’
77 1224 91 1238 .
192 1176 316 1249 bellum,
331 1177 393 1237 Tar
413 1175 525 1250 uinius,
536 1176 669 1256 equitem
682 1197 817 1237 maxrme
830 1177 892 1237 suis
907 1177 1006 1238 deesse
1019 1176 1094 1239 viri-

191 1257 249 1319 bus
269 1267 362 1330 ratus,
376 1198 417 1317 ad
432 1257 570 1331 Ramnis,
584 1255 740 1330 Titienses,
762 1257 903 1330 Luceres,
926 1277 1003 1336 quas
1024 1276 1093 1318 cen-

191 1338 287 1399 turias
302 1337 452 1398 Romulus
464 1339 634 1417 scripserat,
645 1337 756 1398 addere
770 1336 846 1397 alias
857 1337 1014 1398 constituit
1026 1357 1094 1398 suo·

83 1489 86 1494 ¹
191 1439 252 1498 quo
265 1418 396 1497 insignes
410 1417 580 1496 relinquere
593 1418 723 1478 nomine.

139 1497 178 1559 15
231 1498 269 1558 Id
283 1499 356 1577 quia
368 1498 552 1577 inaugurato
567 1497 717 1558 Romulus
736 1496 858 1571 fecerat,
872 1517 985 1576 negare
997 1495 1094 1558 Attus

191 1577 319 1651 Navius,
334 1577 457 1638 inclitus
478 1597 514 1637 ea
533 1585 712 1657 tempestate
731 1597 839 1658 augur,
860 1598 959 1657 neque
978 1577 1094 1638 mutari
1151 1607 1155 1616 ·

75 1650 91 1700 ι’
190 1679 289 1738 neque
308 1677 422 1719 novum
444 1657 597 1731 constitui,
611 1657 671 1718 nisi
691 1677 763 1721 aves
783 1658 982 1732 addixissent,
996 1678 1091 1738 posse.

192 1739 244 1799 Ex
265 1759 301 1799 eo
321 1739 368 1798 ira
387 1737 452 1816 regi
472 1747 572 1810 mota3
593 1737 780 1817 eludensque
800 1747 907 1811 artem,
925 1748 961 1799 ut
980 1737 1093 1811 ferunt,

193 1824 211 1850 “
220 1839 277 1898 age
290 1818 393 1892 dum,”
408 1818 517 1896 inquit,
533 1817 664 1878 “divine
677 1826 721 1891 tu,
736 1818 896 1897 inaugura,
910 1817 1015 1878 fierine
1027 1838 1093 1897 poa·

139 1896 180 1958 20
191 1899 241 1972 sit,
265 1898 346 1978 quod
370 1918 451 1958 nunc
474 1917 529 1977 ego
552 1906 654 1960 mente
677 1897 844 1976 concipi0.''
886 1897 965 1958 Oum
985 1897 1040 1959 ille
1059 1898 1094 1958 in

191 1980 321 2058 augurio
347 1998 411 2038 rem
439 1985 582 2056 expertus
616 1977 753 2057 profecto
786 1977 923 2038 futuram
955 1977 1093 2051 dixisset,

192 2059 305 2138 “atqui
331 2059 390 2120 hoc
417 2057 520 2119 animo
547 2056 693 2137 agitavi,'’
718 2057 827 2136 inquit,
856 2062 914 2118 “te
940 2057 1093 2119 novacula

191 2150 289 2202 cotem
308 2139 521 2200 discissurum:
543 2157 619 2216 cape
637 2137 714 2198 haec
734 2146 766 2196 et
786 2157 904 2216 perage,
919 2137 1001 2216 quod
1021 2157 1094 2199 aves

192 2227 263 2280 tuae
276 2218 341 2279 fieri
355 2239 440 2298 posse
452 2216 667 2299 portendunt''
708 2215 787 2276 Tum
802 2216 892 2277 illum
905 2217 989 2277 haud
1003 2237 1094 2278 cunc-

138 2296 293 2360 letanter
317 2299 473 2360 discidisse
497 2305 595 2358 cotem
619 2296 730 2357 ferunt
772 2295 883 2358 Statua
903 2296 974 2357 Atti
993 2297 1095 2376 capite

190 2380 374 2459 velataque
388 2378 420 2439 in
435 2377 559 2439 locares
572 2386 643 2438 acta
653 2385 706 2450 est,
717 2376 750 2436 in
763 2376 887 2437 comitio
900 2376 933 2436 in
946 2376 1094 2456 gradibus

191 2460 265 2540 ipsis
286 2462 326 2520 ad
351 2459 470 2520 laevam
494 2457 596 2518 curiae
619 2457 696 2529 fuit;
725 2466 822 2517 cotem
847 2476 967 2536 quoque
988 2456 1094 2516 eodem

192 2539 259 2602 loco
272 2541 361 2601 sitam
372 2539 464 2600 fuisse
476 2545 654 2610 memorant,
663 2543 699 2596 ut
712 2545 790 2597 esset
802 2536 843 2597 ad
856 2545 991 2617 posteros
1004 2536 1095 2596 mira-

192 2620 255 2680 culi
268 2621 331 2699 ejus
345 2626 584 2680 monumentum.
1125 2689 1128 2694 ,

139 2696 178 2757 30
232 2699 381 2777 Auguriis
391 2707 472 2758 certe
485 2696 711 2776 sacerdotioque
722 2715 873 2776 augurum
883 2704 988 2758 tantus
997 2696 1095 2756 honos

192 2781 326 2852 accessit,
339 2787 375 2838 ut
395 2777 474 2838 nihil
494 2776 568 2837 belli
588 2776 732 2856 domique
745 2785 851 2856 postea
863 2777 922 2836 nisi
935 2775 1095 2855 auspicato

192 2868 355 2938 gereretur,
377 2856 509 2919 concilia
532 2855 648 2995 populi,
670 2856 822 2917 exercitus
842 2856 954 2928 vocati,
974 2875 1097 2916 summa

192 2960 302 3013 rerum,
317 2938 371 3000 ubi
385 2958 457 3000 aves
476 2957 537 2997 non
552 2957 571 2996 a
594 2935 754 3010 misissent,
769 2936 993 2996 dirimerentur.
1034 2935 1095 2996 Ne-

192 3039 251 3098 que
265 3028 331 3080 tum
345 3017 530 3098 Tarquinius
551 3016 589 3076 de
609 3015 747 3095 equitum
768 3015 912 3076 centuriis
928 3014 1095 3094 quicquam

139 3095 178 3156 35
192 3101 342 3172 mutavit;
363 3118 489 3159 numero
512 3095 646 3157 alterum
669 3103 791 3155 tantum
816 3094 937 3174 adjecit,
952 3101 988 3154 ut
1008 3094 1096 3156 mille

192 3187 222 3238 et
236 3178 403 3257 octingenti
418 3178 533 3257 equites
547 3176 580 3235 in
594 3173 693 3236 tribus
706 3175 853 3235 centuriis
872 3182 981 3234 esseut
1023 3173 1095 3235 Pos-

192 3258 315 3317 teriores
330 3256 419 3317 modo
433 3256 488 3316 sub
503 3255 600 3315 isdem
614 3254 797 3328 nominibus,
812 3253 865 3334 qui
882 3253 982 3314 additi
997 3262 1095 3328 erant,

192 3337 340 3416 appellati
354 3345 441 3429 suntj
463 3355 539 3415 quas
552 3353 644 3406 nunc,
659 3335 732 3413 quia
751 3335 924 3414 geminatae
944 3343 1025 3410 aunt,
1039 3353 1095 3395 sex

192 3426 305 3479 vocant
318 3425 476 3477 centurias.
