2572 3790
487 233 623 282 nrann
647 233 673 299 1,
700 215 829 283 39-40.
1113 217 1156 282 ta

201 398 269 452 tum
290 390 473 450 excitantur.
515 389 629 450 Evenit
649 389 748 462 facile,
762 389 843 469 quod
863 389 923 451 diis
944 389 1029 452 cordi
1048 397 1102 452 est.

201 470 225 532 J
227 471 333 532 uvenis
354 470 451 531 evasit
464 489 536 531 vere
556 468 667 530 indolis
688 470 796 548 regiae,
811 490 875 542 nec,
890 490 960 531 cum
980 489 1103 550 quaere-

201 559 288 610 retur
301 570 393 628 gener
406 549 582 628 Tarquinio,
594 550 754 628 quisquam
764 549 921 611 Romanae
930 549 1102 629 juventutis

201 629 357 768 ulladarte
379 629 509 691 conferri
531 629 641 709 potuit,
655 629 809 709 filiamque
830 630 859 691 ei
878 649 965 690 suam
984 649 1039 690 rex
1053 628 1103 690 de·

200 731 215 770 s
238 730 277 769 on
300 711 333 770 it.
1138 716 1158 776 ὁ

216 730 308 848 pHic
328 807 519 869 quacumque
532 787 571 849 de
586 808 676 849 causa
689 797 793 850 tantus
806 787 853 848 illi
869 788 964 850 honos
977 787 1102 850 habitus

202 869 327 929 credere
339 868 489 950 prohibet,
500 889 589 930 serva
601 877 709 929 natum
723 887 793 928 eum
804 869 1015 948 parvumquei
1051 889 1104 929 um

200 949 337 1011 servisse.
379 948 494 1010 Eorum
516 948 612 1028 magis
632 948 799 1009 sententiae
818 968 895 1022 sum,
916 949 978 1029 qui,
1044 948 1104 1008 rni-

202 1028 274 1090 culo
298 1037 397 1107 capto,
423 1028 510 1090 Servi
534 1028 629 1102 Tulli,
654 1029 707 1107 qui
732 1029 871 1108 princeps
895 1029 928 1088 in
950 1028 1007 1089 illa
1027 1027 1104 1089 urbe

202 1109 313 1181 fuerat,
327 1109 487 1201 gravidam
501 1109 568 1202 viro
582 1108 679 1170 occiso
693 1128 829 1202 uxorem,
844 1128 914 1169 curn
934 1109 1015 1203 inter
1035 1108 1103 1169 reli-
1118 1113 1158 1176 10

203 1187 1103 1348 tttritt,ttttrtttttttttttttttt

204 1348 322 1409 Romae
345 1347 473 1408 edidisse
495 1348 593 1408 Prisci
617 1347 679 1408 Tar
699 1348 765 1408 uini
790 1348 896 1420 dom0;
921 1348 993 1408 inde
1016 1357 1103 1410 tanto

203 1427 349 1488 beneficio
369 1437 400 1488 et
420 1429 500 1489 inter
520 1428 662 1489 mulieres
679 1368 923 1488 iamiliaritatem
937 1439 1058 1488 auctam
1073 1436 1104 1489 et

204 1528 342 1587 puerum,
363 1516 398 1569 ut
419 1508 452 1568 in
476 1508 566 1569 domo
589 1528 609 1569 a
632 1527 729 1588 parvo
751 1507 903 1581 eductum,
923 1508 955 1567 in
976 1508 1104 1570 caritate
1118 1511 1155 1575 15

204 1597 297 1667 atque
320 1588 434 1650 honora
456 1587 568 1661 fuisse3
589 1588 744 1649 fortunam
769 1588 884 1661 matris,
907 1587 988 1668 qnod
1012 1597 1104 1668 capta

172 1698 176 1707 ,
203 1668 307 1749 patria
319 1669 352 1728 in
365 1669 497 1730 hostium
511 1687 619 1746 manus
633 1668 758 1741 venerit,
773 1677 808 1730 ut
825 1688 915 1731 serva
931 1676 1022 1729 natus
1041 1687 1103 1730 cre·

204 1748 336 1823 deretur,
351 1749 463 1810 fecisse.

244 1829 316 1891 XL.
357 1829 698 1910 Duodequadragesimo
732 1830 826 1891 ferme
858 1851 948 1904 anno,
976 1850 1015 1890 ex
1042 1849 1103 1910 quo

203 1930 331 1989 regnare
351 1920 491 1990 coeperat
510 1909 703 1990 Tarquinius,
717 1930 777 1972 non
793 1910 875 1990 apud
889 1931 989 1992 regem
1003 1910 1102 1984 modo,
1117 1913 1157 1975 20

203 1990 256 2051 sed
281 1989 364 2070 apud
407 2000 486 2052 atres
509 1990 690 2070 plebemque
716 1990 806 2070 longe
830 1992 964 2054 maximo
988 1990 1102 2051 honore

203 2069 328 2132 Servius
341 2011 461 2131 Tuiiius
474 2080 548 2132 erat.
590 2070 669 2132 Tum
684 2070 766 2131 Anci
779 2070 836 2131 filii
849 2070 920 2146 duo,
935 2070 991 2132 etsi
1012 2079 1103 2131 antea

203 2171 322 2230 semper
333 2171 397 2291 pro
417 2151 628 2231 indignissimo
649 2150 828 2224 habuerant,
843 2171 874 2212 se
891 2151 992 2230 patric
1010 2169 1103 2230 regno

203 2231 314 2292 tutoris
347 2231 441 2292 raude
460 2213 572 2311 pulsds,
587 2251 714 2310 regnare
734 2231 851 2292 Romae
870 2231 1021 2292 advenam
1041 2250 1104 2290 non

204 2310 293 2371 modo
318 2311 446 2385 vicinae,
471 2311 523 2372 sed
546 2332 585 2372 ne
608 2310 738 2372 Italicae
761 2311 883 2392 quidem
904 2311 1016 2389 stirpis,
1036 2318 1102 2370 tum
1117 2311 1158 2374 25

205 2391 359 2470 inpensius
377 2392 414 2451 iis
432 2391 598 2471 indignitas
619 2411 760 2466 crescere,
774 2393 799 2453 si
819 2412 858 2452 ne
878 2392 917 2452 ab
937 2389 1104 2469 Tarquinio

205 2470 327 2550 quidem
341 2471 381 2531 ad
396 2491 427 2532 se
440 2470 552 2532 rediret
565 2492 703 2552 regnum,
711 2472 763 2533 sed
775 2491 919 2551 praeceps
932 2471 1004 2531 inde
1013 2489 1105 2550 porro

204 2551 244 2610 ad
258 2551 383 2612 servitia
397 2550 526 2624 caderet,
541 2561 576 2612 ut
589 2553 622 2611 in
636 2552 742 2613 eadem
761 2553 886 2614 civitate
899 2559 967 2632 post
980 2549 1104 2612 centesi-

204 2649 288 2690 mum
303 2631 366 2692 fere
380 2651 494 2691 annum
508 2631 589 2710 quod
604 2631 762 2705 Romulus,
773 2632 829 2692 deo
841 2640 1017 2772 prognatus,
1029 2632 1104 2692 deus

204 2709 277 2788 ipse,
288 2711 420 2771 tenuerit
433 2730 570 2790 regnum,
582 2711 678 2772 donec
692 2712 725 2771 in
739 2712 827 2772 terris
854 2713 943 2786 uerit,
954 2712 985 2772 id
1000 2732 1104 2774 servus
1118 2713 1158 2774 30

203 2809 291 2851 serva
310 2801 401 2850 natus
421 2789 579 2869 possideat
621 2789 700 2852 Cum
721 2811 880 2853 commune
901 2791 1034 2852 Romani
1054 2812 1104 2852 no

203 2870 304 2944 minis,
317 2878 384 2930 tum
398 2870 560 2952 praecipue
573 2870 606 2930 id
619 2870 727 2932 domus
746 2891 818 2932 suae
832 2870 962 2932 dedecus
982 2871 1054 2945 fore,
1069 2870 1103 2944 si,

204 2948 286 3010 Anci
307 2950 386 3030 regis
400 2950 485 3013 virili
498 2950 537 3012 sti
605 2951 701 3024 salva,
715 2972 777 3012 non
796 2949 887 3012 modo
907 2949 1043 3024 advenis,
1058 2959 1103 3012 set

203 3031 297 3090 servis
311 3031 404 3090 etiam
417 3049 545 3110 regnum
610 3050 677 3091 mae
690 3040 816 3110 pateret.

244 3107 340 3171 Ferro
351 3110 447 3190 igitur
456 3129 523 3170 eam
537 3130 641 3171 arcere
654 3110 870 3171 contumeliam
882 3117 1038 3171 statuunt:
1052 3109 1104 3171 sad
1119 3111 1158 3172 35

203 3196 235 3248 et
254 3188 385 3269 injuriae
406 3188 493 3250 dolor
512 3190 546 3250 in
566 3188 768 3269 Tarquinium
785 3191 884 3269 ipsum
901 3191 999 3270 magis
1012 3210 1105 3269 quam

203 3267 236 3326 in
257 3267 399 3330 Servium
419 3289 469 3331 eos
496 3269 686 3342 stimulabat,
707 3279 738 3330 et
758 3270 860 3348 [quia]
882 3271 1005 3348 gravior
1023 3268 1106 3329 ultor

204 3347 314 3421 caedis,
328 3349 354 3409 si
368 3357 543 3427 superesset,
558 3369 613 3409 rex
626 3349 749 3408 futurus
763 3357 829 3408 erat
843 3368 934 3425 quarn
950 3348 1105 3424 privatus3

203 3435 280 3500 turn,
289 3427 395 3490 Servio
409 3427 516 3502 occiso,
526 3446 746 3506 quemcumque
759 3426 855 3486 alium
869 3442 1014 3502 generum
1028 3421 1107 3480 dele-
