2616 3790
402 270 407 279 '
452 273 585 320 mnan
613 273 728 339 xx11,
756 255 842 322 1-2.
1080 256 1145 321 145

195 440 290 492 tremo
301 429 465 491 Decembri
474 433 540 510 jam
553 450 654 490 mense
668 429 707 490 ad
722 429 826 492 aedem
842 429 966 491 Saturni
977 431 1095 492 Romae

195 511 385 572 inimolatum
413 519 467 583 est,
493 510 772 590 lectisterniumque
798 511 981 590 imperatum
1011 513 1092 589 ([et]

195 612 262 650 eum
297 591 411 651 lectum
445 599 596 650 senatores
630 595 820 668 straverunt)
854 599 885 652 et
918 592 1094 652 convivium

195 672 360 750 publicum,
376 691 412 731 ac
433 690 488 748 per
509 670 615 730 urbem
636 669 814 731 Saturnalia
829 671 910 731 diem
924 691 960 731 ac
974 679 1095 732 noctem

195 752 336 823 clamata,
351 751 541 829 populusque
554 770 624 810 eum
639 750 720 810 diem
738 750 849 812 festum
863 751 975 812 habere
987 771 1024 811 ac
1036 771 1095 812 ser·
1129 752 1149 813 5

194 831 312 892 varein
327 840 507 910 perpetuum
523 831 625 891 'ussus

234 911 277 972 II.
320 910 405 970 Dum
426 851 532 971 consul
552 910 711 990 placandis
736 910 855 971 Romae
875 909 923 971 dis
943 910 1095 973 habendo-

195 1011 253 1070 que
281 991 397 1050 dilectu
425 991 480 1050 dat
507 1011 640 1070 operam,
669 991 840 1064 Hannibal,
868 991 1020 1070 profectus
1054 1012 1095 1052 ex

195 1071 338 1141 hibernis,
361 1071 434 1150 quia
453 1071 520 1150 jam
545 1070 735 1130 Flaminium
759 1071 913 1132 consulem
935 1071 1095 1133 Arretium

195 1151 366 1230 pervenisse
393 1151 477 1210 fama
504 1160 579 1223 erat,
602 1171 672 1210 cum
696 1151 782 1211 aliud
806 1151 936 1230 longius,
960 1161 1094 1212 ceterum
1110 1153 1149 1214 10

188 1231 381 1290 'commodius
405 1231 614 1292 ostenderetur
638 1231 706 1304 iter,
731 1232 902 1310 propiorem
930 1233 1014 1294 viam
1063 1254 1096 1293 er

194 1311 338 1388 paludem
353 1311 438 1389 petit,
453 1331 514 1390 qua
531 1311 645 1372 fluvius
659 1311 764 1372 Arnus
781 1331 835 1390 per
850 1331 899 1372 eos
920 1313 984 1372 dies
1004 1253 1094 1374 solito

194 1391 291 1469 magis
318 1391 531 1452 inundaverat,
574 1391 730 1470 Hispanos
757 1401 789 1452 et
819 1391 910 1452 Afros
935 1392 983 1470 (id
1006 1413 1096 1452 omne

195 1471 331 1530 veterani
358 1481 424 1531 erat
451 1471 546 1531 robur
571 1470 749 1545 exercitus),
777 1471 925 1532 admixtis
959 1472 1094 1551 ipsorum

193 1550 416 1628 inpedimentis,
431 1551 542 1611 necubi
557 1551 718 1612 consistere
738 1553 852 1612 coactis
873 1552 1040 1612 necessaria
1054 1552 1094 1612 ad
1110 1552 1149 1613 15

193 1650 264 1690 usus
282 1629 426 1703 deessent,
441 1631 555 1710 primos
575 1631 620 1691 ire
635 1631 745 1710 jussit;
764 1632 850 1714 sequi
870 1630 987 1705 Gallos,
1008 1641 1043 1692 ut
1062 1631 1095 1692 id

192 1710 323 1788 agminis
345 1710 479 1771 medium
499 1720 591 1784 esset3
612 1712 792 1772 novissimos
811 1713 856 1772 ire
876 1712 1008 1790 equites;
1029 1712 1095 1773 Ma·

191 1810 301 1868 genem
324 1790 395 1850 inde
419 1811 488 1850 cum
513 1791 663 1871 expeditis
684 1791 829 1852 Numidis
849 1812 955 1872 cogere
975 1813 1093 1886 agmen,

193 1870 327 1929 maxime
341 1869 456 1943 Gallos,
471 1872 497 1931 si
517 1872 618 1932 taedio
639 1871 752 1932 laboris
773 1872 942 1951 longaeque
960 1894 1038 1947 urae,
1060 1883 1095 1935 ut

192 1959 236 2009 est
246 1949 347 2009 mollis
361 1950 402 2009 ad
416 1951 493 2010 talia
506 1971 589 2030 gens,
601 1951 811 2012 dilaberentur
820 1962 875 2012 aut
888 1953 1092 2027 subsisterent,
1109 1953 1148 2016 20

191 2029 392 2091 cohibentem.
435 2029 541 2104 Primi,
558 2052 620 2110 qua
641 2031 730 2092 modo
752 2033 905 2111 praeirent
925 2033 1025 2107 duces,
1040 2055 1095 2113 per

190 2109 344 2248 praealtas
362 2109 440 2171 fluvi
460 2131 497 2170 ac
517 2111 684 2190 profundas
697 2113 867 2191 voragines,
882 2113 983 2173 hausti
998 2133 1095 2192 paene

204 2191 263 2250 imo
287 2189 549 2269 inmergentesque
570 2211 611 2264 se,
636 2201 740 2252 tamen
765 2195 855 2271 signa
880 2193 1092 2272 sequebantur.

190 2269 277 2330 Galli
292 2289 391 2349 neque
403 2271 551 2331 sustinere
563 2291 596 2332 se
609 2291 707 2351 neque
721 2272 857 2352 prolapsi
877 2273 1039 2352 adsurgere
1053 2293 1093 2334 ex

189 2349 387 2428 voraginibus
414 2359 563 2429 poterant,
589 2369 642 2409 aec
666 2358 722 2410 aut
748 2370 875 2429 corpora
901 2349 1010 2410 animis
1044 2359 1098 2412 aut
1110 2351 1149 2412 25

189 2432 307 2490 animos
334 2449 386 2508 spe
413 2429 609 2502 sustinebant,
637 2429 691 2489 alii
718 2429 795 2489 fessa
822 2449 911 2508 aegre
944 2430 1097 2490 trahentes

190 2509 338 2582 membra,
360 2507 425 2580 alii,
447 2508 502 2569 ubi
529 2508 622 2569 semel
643 2509 733 2570 victis
761 2509 862 2569 taedio
890 2507 1000 2568 animis
1027 2529 1094 2586 pro·

190 2591 376 2660 cubuissent,
401 2589 481 2648 inter
504 2588 646 2667 jumenta
673 2597 704 2649 et
732 2589 798 2669 ipsa
820 2589 958 2669 jacentia
981 2588 1093 2667 passim

189 2671 370 2740 morientem
390 2668 584 2747 maximeque
598 2669 735 2730 omnium
750 2670 876 2749 vigiliae
892 2668 1094 2730 conficiebant

189 2771 243 2829 per
257 2747 465 2829 quadriduum
476 2749 541 2827 jam
557 2760 588 2809 et
601 2758 662 2811 tres
683 2758 786 2811 noctes
806 2751 962 2811 toleratae.
1004 2748 1092 2824 Cum,
1107 2747 1147 2809 30

190 2831 294 2890 omnia
321 2828 530 2889 obtinentibus
558 2828 654 2908 aquis,
677 2830 757 2891 nihil
781 2831 835 2891 ubi
858 2831 993 2891 insieco
1016 2831 1094 2890 fessa

188 2917 361 2970 sternerent
374 2927 503 2987 corpora
523 2909 655 2970 inveniri
668 2921 775 3048 posset,
790 2910 952 2971 cumulatis
966 2911 999 2971 in
1013 2930 1094 2990 aqua

187 2995 313 3055 sarcinis
361 2991 485 3071 iusuper
530 2989 671 3050 incumbe
692 2997 755 3063 ant,
796 2995 847 3048 cut
888 2990 1097 3068 jumentorum

188 3076 296 3136 itinere
310 3082 374 3134 toto
389 3080 606 3152 prostratorum
627 3069 738 3149 passim
758 3070 860 3131 acervi
879 3077 1001 3130 tantum
1015 3068 1097 3148 quod

189 3161 324 3215 exstaret
348 3171 430 3230 aqua
450 3149 667 3230 quaerentibus
688 3148 728 3208 ad
750 3148 884 3227 quietem
906 3147 995 3226 parvi
1019 3155 1093 3205 tem·
1110 3143 1149 3202 35

189 3235 270 3314 poris
300 3231 503 3292 necessarium
530 3229 632 3290 cubile
660 3228 784 3288 dabant.
827 3227 897 3306 Ipse
921 3223 1092 3295 Hannibal,

189 3333 279 3392 aeger
300 3311 397 3373 oculis
419 3331 459 3370 ex
479 3329 575 3371 verna
594 3309 728 3387 primum
753 3306 932 3383 intemperie
954 3304 1095 3363 variante

190 3396 305 3456 calores
326 3393 511 3470 frigoraque,
532 3389 705 3467 elephanto,
720 3385 774 3462 qui
794 3404 874 3442 unus
894 3379 1094 3457 superfuerat,

191 3494 250 3555 quo
264 3472 360 3601 alffius
373 3470 415 3598 dib
430 3487 511 3548 aqua
525 3473 670 3539 exstaret,
682 3473 799 3534 vectus,
813 3460 928 3538 vigiliis
948 3466 1051 3552 tamen
1065 3459 1096 3510 et

331 3577 366 3587 —
404 3563 449 3612 vy.
