2572 3790
50 256 53 262 ¹
152 237 194 300 36
321 253 755 302 r1r1n1vrsnvuun
784 251 982 300 ceroma

204 409 364 470 suetudine
393 418 486 483 ratus,
509 410 625 473 Janum
647 409 687 471 ad
707 409 846 470 intimum
865 407 1040 488 Argiletum
1059 408 1104 469 in·

205 489 303 550 dicem
325 490 408 570 pacis
429 490 561 570 bellique
582 490 663 564 fecit,
677 499 800 570 apertus
821 497 856 549 ut
876 490 909 549 in
925 489 1022 549 armis
1042 508 1105 548 esse

206 570 371 643 civitatem,
386 569 505 630 clausus
520 579 643 649 pacatos
657 570 739 630 circa
752 589 855 631 omnes
869 567 998 648 populos
1015 568 1105 648 signi-

206 649 319 710 ficaret.
360 650 415 710 Bis
429 649 538 710 deinde
552 658 619 729 post
633 649 754 709 Numae
764 669 892 726 regnum
903 647 1023 708 clausus
1036 648 1104 728 fuit,

173 728 193 789 5
206 729 298 790 semel
311 727 346 790 Τ.
362 729 481 790 Manlio
496 728 619 790 consule
632 737 699 808 post
713 727 868 789 Punicum
887 728 1021 808 primum
1041 747 1106 807 per·

207 809 320 869 fectum
335 808 460 882 bellum,
474 809 595 883 iterum,
609 808 690 888 quod
710 817 832 868 nostrae
851 808 945 868 aetati
960 807 1004 868 dii
1019 807 1106 868 dede·

207 897 281 949 runt
293 897 328 949 ut
341 889 522 962 videremus,
543 898 610 968 post
630 887 745 948 bellum
765 888 940 961 Actiacum,
954 887 994 948 ab
1014 888 1106 967 impe

207 977 308 1030 ratore
322 968 450 1030 Caesare
464 968 606 1047 Augusto
621 987 696 1047 pace
708 976 791 1030 terra
804 968 942 1046 marique
955 977 1052 1048 parta.

248 1047 360 1110 Clauso
373 1069 417 1123 eo,
426 1069 497 1109 cum
511 1049 647 1111 omnium
660 1047 742 1108 circa
751 1047 951 1108 finitimorum
964 1047 1107 1108 societate
1123 1077 1125 1080 ·

106 1194 116 1212 ,
156 1129 195 1190 10
209 1149 245 1189 ac
269 1128 439 1189 foederibus
457 1128 609 1208 junxisset
632 1127 759 1201 animos,
780 1128 886 1207 positis
910 1136 1107 1188 externorum

209 1209 413 1288 periculorum
433 1209 576 1302 curis7ne
599 1207 794 1268 luxuriarent
817 1207 879 1269 otio
902 1207 1008 1288 animi,
1032 1227 1107 1286 quos

209 1299 307 1349 metus
333 1289 465 1349 hostium
493 1287 715 1367 disciplinaque
738 1286 879 1347 militaris
906 1287 1107 1360 continuerat,

210 1369 344 1430 omnium
364 1369 498 1448 primum
511 1388 575 1428 rem
588 1367 629 1428 ad
642 1366 873 1427 multitudinem
894 1366 1056 1446 inperitam
1077 1373 1109 1426 et

209 1449 271 1508 illis
293 1448 420 1510 saeculis
444 1448 551 1508 rudem
575 1447 823 1520 efficacissimam,
846 1446 972 1508 deorum
994 1454 1109 1508 metum

156 1534 195 1594 15
209 1529 396 1589 iniciendum
413 1537 497 1588 ratus
515 1536 567 1588 est.
610 1527 674 1605 Qui
694 1547 765 1587 cum
785 1525 965 1587 descendere
983 1526 1025 1588 ad
1045 1525 1109 1586 ani-

209 1629 273 1670 mos
293 1609 358 1670 sine
375 1607 478 1686 aliquo
493 1615 653 1668 conmenta
666 1605 809 1667 miraculi
823 1627 885 1666 non
898 1615 1005 1686 posset,
1019 1606 1110 1668 simu·
1198 1624 1201 1629 ·

209 1689 256 1749 lat
274 1688 333 1749 sibi
353 1708 422 1748 cum
444 1688 501 1747 dea
521 1687 635 1766 Egeria
647 1707 823 1766 congressus
843 1695 1006 1748 nocturnos
1029 1705 1093 1748 esse
1100 1705 1111 1761 ς

209 1769 274 1849 ejus
294 1787 325 1828 se
344 1767 472 1839 monitu,
490 1787 569 1847 quae
587 1766 798 1846 acceptissima
819 1764 877 1826 diis
897 1775 1004 1840 essent,
1022 1785 1112 1827 sacra

210 1847 376 1921 instituere,
390 1847 558 1909 sacerdotes
572 1866 641 1908 suos
655 1847 765 1926 cuique
778 1846 904 1908 deorum
919 1847 1089 1925 praeficere.

157 1931 198 1992 20
252 1926 357 2007 Atque
378 1927 513 1988 omnium
537 1927 671 2007 primum
694 1927 734 1987 ad
757 1946 862 1987 cursus
884 1925 976 1986 lunae
992 1925 1112 1987 induo·

211 2008 309 2068 decim
330 2027 445 2067 menses
465 2007 609 2067 describit
629 2026 869 2086 annumrquem,
888 2007 962 2085 quia
981 2007 1111 2068 tricenos

211 2089 275 2149 dim
298 2087 426 2166 singulis
453 2087 607 2148 mensibus
630 2087 706 2147 luna
729 2107 791 2146 non
816 2085 920 2164 explet
944 2086 1112 2165 desuntque

211 2169 276 2230 dies
302 2167 399 2228 solido
423 2186 514 2241 anno,
535 2168 588 2246 qui
612 2166 767 2228 solstitiali
788 2165 923 2226 circurna
945 2165 1007 2226 itur
1030 2167 1111 2239 orbe,

211 2247 414 2310 intercalariis
434 2247 587 2308 mensibus
608 2246 835 2326 interponendis
854 2244 898 2306 ita
915 2187 1112 2325 dispensavit,

159 2331 199 2392 25
212 2337 248 2389 ut
261 2329 405 2389 vicesimo
424 2347 508 2388 anno
526 2328 567 2388 ad
587 2337 699 2388 metam
720 2325 846 2387 eandem
861 2324 942 2398 solis,
956 2325 1039 2385 unde
1051 2325 1113 2386 orsi

122 2483 127 2488 Ι
212 2416 320 2482 essent,
355 2407 431 2469 lenis
449 2409 585 2469 omnium
600 2427 750 2468 annorum
771 2405 877 2484 spatiis
891 2405 956 2465 dies
969 2424 1113 2484 congrue·

111 2485 115 2489 ’
212 2497 289 2549 rent
330 2429 417 2548 idem
437 2489 568 2548 nefastos
594 2487 658 2547 dies
685 2486 837 2564 fastosque
857 2485 940 2558 fecit,
961 2485 1036 2565 quia
1055 2484 1113 2544 ali·

212 2568 336 2649 quaudo
348 2567 427 2628 nihil
442 2588 512 2628 cum
526 2567 638 2647 populo
652 2567 702 2645 agi
717 2565 793 2626 utile
806 2565 945 2624 futurum
958 2573 1033 2626 erat.

253 2648 330 2709 XX.
372 2647 450 2707 Tum
465 2647 671 2708 sacerdotibus
686 2645 825 2706 creandis
838 2645 978 2705 animum
991 2643 1114 2724 adjecit,

160 2731 398 2809 taquamquam
423 2727 487 2807 ipse
510 2727 645 2807 plurima
668 2746 755 2786 sacra
779 2724 892 2798 obibat,
917 2745 954 2785 ea
980 2725 1115 2786 maxime

215 2828 293 2888 quae
306 2828 387 2868 nunc
401 2808 441 2867 ad
456 2807 580 2866 Dialem
593 2807 748 2866 flaminem
764 2805 926 2884 pertinent
967 2803 1028 2866 Sed
1042 2806 1115 2884 quia

215 2889 248 2948 in
275 2889 399 2949 civitate
426 2887 571 2948 bellicosa
598 2885 700 2966 plures
728 2884 855 2946 Romuli
878 2904 972 2964 quam
994 2885 1116 2946 Numae

215 2968 328 3028 similes
347 2987 431 3047 reges
452 2966 582 3047 putabat
602 2966 675 3039 fore,
692 2965 847 3044 iturosque
867 2964 947 3043 ipsos
965 2964 1006 3024 ad
1024 2963 1115 3038 bella,

214 3068 254 3109 ne
279 3068 367 3108 sacra
393 3048 495 3126 regiae
518 3047 595 3109 vicis
620 3045 836 3117 desererentur,
861 3044 1017 3104 flaminem
1041 3043 1117 3106 Jovi

163 3129 202 3190 35
215 3128 377 3189 adsiduum
398 3127 585 3188 sacerdotem
605 3125 730 3198 creavit,
751 3123 924 3203 insignique
944 3144 1013 3185 eum
1033 3133 1118 3186 veste

215 3218 247 3268 et
261 3207 361 3268 curuli
375 3207 460 3285 regia
473 3207 549 3266 sella
563 3204 735 3266 adornavit.
777 3201 862 3264 Huic
883 3202 959 3264 duos
980 3203 1118 3266 flamines

216 3288 338 3366 adjecit,
360 3285 456 3346 Marti
477 3305 582 3358 unum,
602 3284 734 3344 alterum
756 3280 904 3357 Quirin03
925 3283 1118 3363 virginesque

217 3365 331 3427 Vestae
355 3365 439 3444 legit,
461 3362 546 3423 Alba
566 3362 730 3423 oriundum
758 3360 961 3421 sacerdotium
982 3372 1012 3422 et
1033 3365 1118 3441 genti

216 3444 381 3506 conditoris
408 3442 493 3503 haud
519 3443 662 3503 alienum.
703 3441 756 3515 Iis,
779 3449 814 3500 ut
838 3440 984 3501 adsiduae
1009 3445 1118 3522 templi
