<?xml version="1.0" encoding="UTF-8"?>
<!DOCTYPE html PUBLIC "-//W3C//DTD XHTML 1.0 Transitional//EN"
    "http://www.w3.org/TR/xhtml1/DTD/xhtml1-transitional.dtd">
<html xmlns="http://www.w3.org/1999/xhtml" xml:lang="en" lang="en">
 <head>
  <title>
</title>
<meta http-equiv="Content-Type" content="text/html;charset=utf-8" />
  <meta name='ocr-system' content='tesseract 3.04.00' />
  <meta name='ocr-capabilities' content='ocr_page ocr_carea ocr_par ocr_line ocrx_word'/>
</head>
<body>
  <div class='ocr_page' id='page_1' title='image "./historieslivybo00chasgoog_0091.png"; bbox 0 0 2572 3790; ppageno 0'>
   <div class='ocr_carea' id='block_1_1' title="bbox 142 239 967 309">
    <p class='ocr_par' dir='ltr' id='par_1_1' title="bbox 142 239 967 309">
     <span class='ocr_line' id='line_1_1' title="bbox 142 239 967 309; baseline 0.005 -5"><span class='ocrx_word' id='word_1_1' title='bbox 142 239 185 304; x_wconf 88' lang='grc'>84</span> <span class='ocrx_word' id='word_1_2' title='bbox 309 258 399 306; x_wconf 86' lang='lat' dir='ltr'>rrrr</span> <span class='ocrx_word' id='word_1_3' title='bbox 423 259 521 309; x_wconf 81' lang='lat' dir='ltr'>nrvr</span> <span class='ocrx_word' id='word_1_4' title='bbox 549 257 605 308; x_wconf 78' lang='lat' dir='ltr'>ss</span> <span class='ocrx_word' id='word_1_5' title='bbox 631 259 747 309; x_wconf 80' lang='lat' dir='ltr'>vasu</span> <span class='ocrx_word' id='word_1_6' title='bbox 776 258 967 308; x_wconf 71' lang='lat' dir='ltr'>coramrs</span> 
     </span>
    </p>
   </div>
   <div class='ocr_carea' id='block_1_2' title="bbox 131 413 1138 3534">
    <p class='ocr_par' dir='ltr' id='par_1_2' title="bbox 191 413 1094 736">
     <span class='ocr_line' id='line_1_2' title="bbox 233 413 1094 494; baseline 0.006 -21"><span class='ocrx_word' id='word_1_7' title='bbox 233 413 277 475; x_wconf 92' lang='grc' dir='ltr'>ΙΙ.</span> <span class='ocrx_word' id='word_1_8' title='bbox 319 413 379 475; x_wconf 89' lang='lat' dir='ltr'>His</span> <span class='ocrx_word' id='word_1_9' title='bbox 393 416 504 476; x_wconf 81' lang='lat' dir='ltr'>anxius</span> <span class='ocrx_word' id='word_1_10' title='bbox 518 414 598 476; x_wconf 89' lang='lat' dir='ltr'>curis</span> <span class='ocrx_word' id='word_1_11' title='bbox 612 416 658 477; x_wconf 84' lang='lat' dir='ltr'>ita</span> <span class='ocrx_word' id='word_1_12' title='bbox 669 436 701 477; x_wconf 87' lang='lat' dir='ltr'>se</span> <span class='ocrx_word' id='word_1_13' title='bbox 715 414 823 476; x_wconf 83' lang='lat' dir='ltr'>Africo</span> <span class='ocrx_word' id='word_1_14' title='bbox 837 414 928 488; x_wconf 91' lang='lat' dir='ltr'>bello,</span> <span class='ocrx_word' id='word_1_15' title='bbox 939 416 1020 494; x_wconf 91' lang='lat' dir='ltr'>quod</span> <span class='ocrx_word' id='word_1_16' title='bbox 1034 417 1094 479; x_wconf 82' lang='lat' dir='ltr'>fuit</span> 
     </span>
     <span class='ocr_line' id='line_1_3' title="bbox 192 493 1093 574; baseline 0.004 -20"><span class='ocrx_word' id='word_1_17' title='bbox 192 493 249 554; x_wconf 93' lang='lat' dir='ltr'>sub</span> <span class='ocrx_word' id='word_1_18' title='bbox 270 503 419 554; x_wconf 84' lang='lat' dir='ltr'>recentem</span> <span class='ocrx_word' id='word_1_19' title='bbox 441 495 613 556; x_wconf 80' lang='lat' dir='ltr'>Romanam</span> <span class='ocrx_word' id='word_1_20' title='bbox 634 514 750 574; x_wconf 90' lang='lat' dir='ltr'>pacem,</span> <span class='ocrx_word' id='word_1_21' title='bbox 764 515 820 573; x_wconf 87' lang='lat' dir='ltr'>per</span> <span class='ocrx_word' id='word_1_22' title='bbox 837 496 972 574; x_wconf 90' lang='lat' dir='ltr'>quinque</span> <span class='ocrx_word' id='word_1_23' title='bbox 988 516 1093 571; x_wconf 80' lang='lat' dir='ltr'>annua,</span> 
     </span>
     <span class='ocr_line' id='line_1_4' title="bbox 193 573 1094 654; baseline 0.007 -22"><span class='ocrx_word' id='word_1_24' title='bbox 193 573 238 634; x_wconf 91' lang='lat' dir='ltr'>ita</span> <span class='ocrx_word' id='word_1_25' title='bbox 251 573 361 634; x_wconf 87' lang='lat' dir='ltr'>deinde</span> <span class='ocrx_word' id='word_1_26' title='bbox 374 594 483 636; x_wconf 86' lang='lat' dir='ltr'>novem</span> <span class='ocrx_word' id='word_1_27' title='bbox 498 575 587 635; x_wconf 90' lang='lat' dir='ltr'>annis</span> <span class='ocrx_word' id='word_1_28' title='bbox 601 575 633 634; x_wconf 93' lang='lat' dir='ltr'>in</span> <span class='ocrx_word' id='word_1_29' title='bbox 647 574 802 654; x_wconf 77' lang='lat' dir='ltr'><strong>Hispania</strong></span> <span class='ocrx_word' id='word_1_30' title='bbox 822 575 961 654; x_wconf 89' lang='lat' dir='ltr'>augendo</span> <span class='ocrx_word' id='word_1_31' title='bbox 976 577 1094 638; x_wconf 91' lang='lat' dir='ltr'>Punico</span> 
     </span>
     <span class='ocr_line' id='line_1_5' title="bbox 191 653 1094 736; baseline 0.006 -24"><span class='ocrx_word' id='word_1_32' title='bbox 191 653 320 732; x_wconf 91' lang='lat' dir='ltr'>imperio</span> <span class='ocrx_word' id='word_1_33' title='bbox 340 655 440 733; x_wconf 83' lang='lat' dir='ltr'>gessit,</span> <span class='ocrx_word' id='word_1_34' title='bbox 456 664 490 714; x_wconf 92' lang='lat' dir='ltr'>ut</span> <span class='ocrx_word' id='word_1_35' title='bbox 510 664 679 734; x_wconf 84' lang='lat' dir='ltr'>appareret,</span> <span class='ocrx_word' id='word_1_36' title='bbox 694 655 792 735; x_wconf 89' lang='lat' dir='ltr'>majus</span> <span class='ocrx_word' id='word_1_37' title='bbox 811 675 881 715; x_wconf 92' lang='lat' dir='ltr'>eum</span> <span class='ocrx_word' id='word_1_38' title='bbox 900 676 993 735; x_wconf 91' lang='lat' dir='ltr'>quam</span> <span class='ocrx_word' id='word_1_39' title='bbox 1012 657 1094 736; x_wconf 93' lang='lat' dir='ltr'>quod</span> 
     </span>
    </p>

    <p class='ocr_par' dir='ltr' id='par_1_3' title="bbox 159 734 1093 972">
     <span class='ocr_line' id='line_1_6' title="bbox 159 734 1092 813; baseline 0.006 -20"><span class='ocrx_word' id='word_1_40' title='bbox 159 734 178 793; x_wconf 82' lang='lat'><strong>5</strong></span> <span class='ocrx_word' id='word_1_41' title='bbox 213 741 309 794; x_wconf 84' lang='lat' dir='ltr'>areret</span> <span class='ocrx_word' id='word_1_42' title='bbox 319 735 434 813; x_wconf 87' lang='lat' dir='ltr'>agitare</span> <span class='ocrx_word' id='word_1_43' title='bbox 448 735 480 793; x_wconf 89' lang='lat' dir='ltr'>in</span> <span class='ocrx_word' id='word_1_44' title='bbox 494 736 596 794; x_wconf 89' lang='lat' dir='ltr'>animo</span> <span class='ocrx_word' id='word_1_45' title='bbox 607 734 732 808; x_wconf 89' lang='lat' dir='ltr'>bellum,</span> <span class='ocrx_word' id='word_1_46' title='bbox 741 743 780 808; x_wconf 89' lang='lat' dir='ltr'>et,</span> <span class='ocrx_word' id='word_1_47' title='bbox 789 736 816 795; x_wconf 92' lang='lat' dir='ltr'>si</span> <span class='ocrx_word' id='word_1_48' title='bbox 829 735 946 798; x_wconf 92' lang='lat' dir='ltr'>diutius</span> <span class='ocrx_word' id='word_1_49' title='bbox 956 737 1092 811; x_wconf 84' lang='lat' dir='ltr'>vixisset,</span> 
     </span>
     <span class='ocr_line' id='line_1_7' title="bbox 227 813 1093 893; baseline 0.007 -20"><span class='ocrx_word' id='word_1_50' title='bbox 227 813 373 875; x_wconf 82' lang='lat' dir='ltr'>amilcare</span> <span class='ocrx_word' id='word_1_51' title='bbox 386 814 464 875; x_wconf 87' lang='lat' dir='ltr'>duce</span> <span class='ocrx_word' id='word_1_52' title='bbox 478 814 594 875; x_wconf 88' lang='lat' dir='ltr'>Poenos</span> <span class='ocrx_word' id='word_1_53' title='bbox 608 833 694 876; x_wconf 88' lang='lat' dir='ltr'>arma</span> <span class='ocrx_word' id='word_1_54' title='bbox 705 814 816 877; x_wconf 84' lang='lat' dir='ltr'>Italiae</span> <span class='ocrx_word' id='word_1_55' title='bbox 826 815 976 878; x_wconf 90' lang='lat' dir='ltr'>inlaturos</span> <span class='ocrx_word' id='word_1_56' title='bbox 990 817 1093 893; x_wconf 87' lang='lat' dir='ltr'>fuisse,</span> 
     </span>
     <span class='ocr_line' id='line_1_8' title="bbox 191 892 772 972; baseline 0.01 -20"><span class='ocrx_word' id='word_1_57' title='bbox 191 913 269 972; x_wconf 87' lang='lat' dir='ltr'>quac</span> <span class='ocrx_word' id='word_1_58' title='bbox 283 892 471 954; x_wconf 87' lang='lat' dir='ltr'>Hannibalis</span> <span class='ocrx_word' id='word_1_59' title='bbox 484 895 579 954; x_wconf 91' lang='lat' dir='ltr'>ductu</span> <span class='ocrx_word' id='word_1_60' title='bbox 593 893 772 958; x_wconf 87' lang='lat' dir='ltr'>intulerunt.</span> 
     </span>
    </p>

    <p class='ocr_par' dir='ltr' id='par_1_4' title="bbox 190 972 1094 1119">
     <span class='ocr_line' id='line_1_9' title="bbox 231 972 1094 1055; baseline 0.007 -23"><span class='ocrx_word' id='word_1_61' title='bbox 231 972 316 1034; x_wconf 89' lang='lat' dir='ltr'>Mors</span> <span class='ocrx_word' id='word_1_62' title='bbox 337 973 526 1035; x_wconf 81' lang='lat' dir='ltr'>Hamilcaris</span> <span class='ocrx_word' id='word_1_63' title='bbox 543 984 769 1053; x_wconf 88' lang='lat' dir='ltr'>peropportuna</span> <span class='ocrx_word' id='word_1_64' title='bbox 782 984 813 1037; x_wconf 91' lang='lat' dir='ltr'>et</span> <span class='ocrx_word' id='word_1_65' title='bbox 826 975 958 1055; x_wconf 92' lang='lat' dir='ltr'>pueritia</span> <span class='ocrx_word' id='word_1_66' title='bbox 971 975 1094 1038; x_wconf 89' lang='lat' dir='ltr'>Hanni-</span> 
     </span>
     <span class='ocr_line' id='line_1_10' title="bbox 190 1052 1094 1119; baseline 0.004 -5"><span class='ocrx_word' id='word_1_67' title='bbox 190 1052 270 1114; x_wconf 88' lang='lat' dir='ltr'>balis</span> <span class='ocrx_word' id='word_1_68' title='bbox 292 1053 479 1114; x_wconf 90' lang='lat' dir='ltr'>distulerunt</span> <span class='ocrx_word' id='word_1_69' title='bbox 500 1053 626 1116; x_wconf 86' lang='lat' dir='ltr'>bellum.</span> <span class='ocrx_word' id='word_1_70' title='bbox 668 1054 789 1116; x_wconf 85' lang='lat' dir='ltr'>Medius</span> <span class='ocrx_word' id='word_1_71' title='bbox 811 1055 991 1117; x_wconf 86' lang='lat' dir='ltr'>Hasdrubal</span> <span class='ocrx_word' id='word_1_72' title='bbox 1011 1057 1094 1119; x_wconf 86' lang='lat' dir='ltr'>inter</span> 
     </span>
    </p>

    <p class='ocr_par' dir='ltr' id='par_1_5' title="bbox 138 1131 1093 1535">
     <span class='ocr_line' id='line_1_11' title="bbox 138 1131 1093 1215; baseline 0.004 -20"><span class='ocrx_word' id='word_1_73' title='bbox 138 1131 178 1195; x_wconf 90' lang='lat'>10</span> <span class='ocrx_word' id='word_1_74' title='bbox 190 1142 309 1213; x_wconf 90' lang='lat' dir='ltr'>patrem</span> <span class='ocrx_word' id='word_1_75' title='bbox 323 1153 359 1194; x_wconf 90' lang='lat' dir='ltr'>ac</span> <span class='ocrx_word' id='word_1_76' title='bbox 374 1133 472 1194; x_wconf 91' lang='lat' dir='ltr'>lilium</span> <span class='ocrx_word' id='word_1_77' title='bbox 484 1142 551 1195; x_wconf 91' lang='lat' dir='ltr'>octo</span> <span class='ocrx_word' id='word_1_78' title='bbox 562 1135 657 1196; x_wconf 89' lang='lat' dir='ltr'>ferme</span> <span class='ocrx_word' id='word_1_79' title='bbox 670 1155 765 1196; x_wconf 90' lang='lat' dir='ltr'>annos</span> <span class='ocrx_word' id='word_1_80' title='bbox 776 1136 938 1215; x_wconf 90' lang='lat' dir='ltr'>imperium</span> <span class='ocrx_word' id='word_1_81' title='bbox 948 1136 1093 1212; x_wconf 86' lang='lat' dir='ltr'>obtinuit,</span> 
     </span>
     <span class='ocr_line' id='line_1_12' title="bbox 190 1213 1090 1294; baseline 0.007 -21"><span class='ocrx_word' id='word_1_82' title='bbox 190 1213 264 1275; x_wconf 89' lang='lat' dir='ltr'>flore</span> <span class='ocrx_word' id='word_1_83' title='bbox 278 1213 394 1287; x_wconf 90' lang='lat' dir='ltr'>aetatis,</span> <span class='ocrx_word' id='word_1_84' title='bbox 410 1215 456 1274; x_wconf 91' lang='lat' dir='ltr'>uti</span> <span class='ocrx_word' id='word_1_85' title='bbox 469 1214 581 1289; x_wconf 80' lang='lat' dir='ltr'>ferunt,</span> <span class='ocrx_word' id='word_1_86' title='bbox 595 1217 694 1294; x_wconf 92' lang='lat' dir='ltr'>primo</span> <span class='ocrx_word' id='word_1_87' title='bbox 709 1215 885 1277; x_wconf 89' lang='lat' dir='ltr'>Hamilcari</span> <span class='ocrx_word' id='word_1_88' title='bbox 900 1217 1090 1292; x_wconf 84' lang='lat' dir='ltr'>conciliatus,</span> 
     </span>
     <span class='ocr_line' id='line_1_13' title="bbox 189 1293 1089 1375; baseline 0.004 -21"><span class='ocrx_word' id='word_1_89' title='bbox 189 1313 283 1374; x_wconf 87' lang='lat' dir='ltr'>gener</span> <span class='ocrx_word' id='word_1_90' title='bbox 293 1293 364 1354; x_wconf 87' lang='lat' dir='ltr'>indo</span> <span class='ocrx_word' id='word_1_91' title='bbox 378 1293 417 1354; x_wconf 93' lang='lat' dir='ltr'>ob</span> <span class='ocrx_word' id='word_1_92' title='bbox 431 1293 527 1355; x_wconf 91' lang='lat' dir='ltr'>altam</span> <span class='ocrx_word' id='word_1_93' title='bbox 542 1295 676 1356; x_wconf 90' lang='lat' dir='ltr'>indolem</span> <span class='ocrx_word' id='word_1_94' title='bbox 687 1294 821 1375; x_wconf 86' lang='lat' dir='ltr'>profecto</span> <span class='ocrx_word' id='word_1_95' title='bbox 835 1296 930 1356; x_wconf 88' lang='lat' dir='ltr'>animi</span> <span class='ocrx_word' id='word_1_96' title='bbox 944 1297 1089 1373; x_wconf 88' lang='lat' dir='ltr'>adscitus,</span> 
     </span>
     <span class='ocr_line' id='line_1_14' title="bbox 189 1374 1091 1514; baseline 0.003 -79"><span class='ocrx_word' id='word_1_97' title='bbox 189 1383 229 1449; x_wconf 91' lang='lat' dir='ltr'>et,</span> <span class='ocrx_word' id='word_1_98' title='bbox 250 1374 323 1514; x_wconf 76' lang='lat' dir='ltr'>quia</span> <span class='ocrx_word' id='word_1_99' title='bbox 342 1395 435 1453; x_wconf 88' lang='lat' dir='ltr'>gener</span> <span class='ocrx_word' id='word_1_100' title='bbox 455 1385 529 1448; x_wconf 76' lang='lat' dir='ltr'>erat,</span> <span class='ocrx_word' id='word_1_101' title='bbox 550 1376 691 1437; x_wconf 83' lang='lat' dir='ltr'>factionis</span> <span class='ocrx_word' id='word_1_102' title='bbox 711 1376 861 1436; x_wconf 86' lang='lat' dir='ltr'>Barcinae</span> <span class='ocrx_word' id='word_1_103' title='bbox 881 1376 998 1455; x_wconf 92' lang='lat' dir='ltr'>opibus,</span> <span class='ocrx_word' id='word_1_104' title='bbox 1012 1397 1091 1456; x_wconf 89' lang='lat' dir='ltr'>quae</span> 
     </span>
     <span class='ocr_line' id='line_1_15' title="bbox 189 1454 1090 1535; baseline 0.004 -21"><span class='ocrx_word' id='word_1_105' title='bbox 189 1475 251 1534; x_wconf 90' lang='lat' dir='ltr'>apu</span> <span class='ocrx_word' id='word_1_106' title='bbox 293 1455 405 1515; x_wconf 87' lang='lat' dir='ltr'>milites</span> <span class='ocrx_word' id='word_1_107' title='bbox 426 1454 605 1535; x_wconf 90' lang='lat' dir='ltr'>plebemque</span> <span class='ocrx_word' id='word_1_108' title='bbox 625 1455 694 1535; x_wconf 93' lang='lat' dir='ltr'>plus</span> <span class='ocrx_word' id='word_1_109' title='bbox 714 1475 808 1534; x_wconf 90' lang='lat' dir='ltr'>quam</span> <span class='ocrx_word' id='word_1_110' title='bbox 832 1457 968 1517; x_wconf 89' lang='lat' dir='ltr'>modicae</span> <span class='ocrx_word' id='word_1_111' title='bbox 992 1466 1090 1532; x_wconf 88' lang='lat' dir='ltr'>eraut,</span> 
     </span>
    </p>

    <p class='ocr_par' dir='ltr' id='par_1_6' title="bbox 137 1533 1089 1936">
     <span class='ocr_line' id='line_1_16' title="bbox 137 1533 1089 1616; baseline 0.003 -20"><span class='ocrx_word' id='word_1_112' title='bbox 137 1533 176 1596; x_wconf 88' lang='lat'>15</span> <span class='ocrx_word' id='word_1_113' title='bbox 189 1535 365 1616; x_wconf 22' lang='lat' dir='ltr'>haudusane</span> <span class='ocrx_word' id='word_1_114' title='bbox 386 1537 544 1597; x_wconf 88' lang='lat' dir='ltr'>voluntate</span> <span class='ocrx_word' id='word_1_115' title='bbox 564 1535 746 1615; x_wconf 88' lang='lat' dir='ltr'>principum,</span> <span class='ocrx_word' id='word_1_116' title='bbox 764 1535 796 1594; x_wconf 91' lang='lat' dir='ltr'>in</span> <span class='ocrx_word' id='word_1_117' title='bbox 818 1536 944 1615; x_wconf 87' lang='lat' dir='ltr'>imperio</span> <span class='ocrx_word' id='word_1_118' title='bbox 964 1538 1089 1616; x_wconf 87' lang='lat' dir='ltr'>positus.</span> 
     </span>
     <span class='ocr_line' id='line_1_17' title="bbox 188 1615 1089 1697; baseline 0.002 -20"><span class='ocrx_word' id='word_1_119' title='bbox 188 1615 229 1690; x_wconf 90' lang='lat' dir='ltr'>Is,</span> <span class='ocrx_word' id='word_1_120' title='bbox 252 1615 343 1696; x_wconf 89' lang='lat' dir='ltr'>plura</span> <span class='ocrx_word' id='word_1_121' title='bbox 366 1615 492 1677; x_wconf 90' lang='lat' dir='ltr'>cousllio</span> <span class='ocrx_word' id='word_1_122' title='bbox 516 1636 608 1695; x_wconf 92' lang='lat' dir='ltr'>quam</span> <span class='ocrx_word' id='word_1_123' title='bbox 633 1617 665 1677; x_wconf 85' lang='lat' dir='ltr'>vi</span> <span class='ocrx_word' id='word_1_124' title='bbox 689 1635 805 1694; x_wconf 89' lang='lat' dir='ltr'>gerens,</span> <span class='ocrx_word' id='word_1_125' title='bbox 830 1615 968 1694; x_wconf 91' lang='lat' dir='ltr'>hospitiis</span> <span class='ocrx_word' id='word_1_126' title='bbox 991 1618 1089 1697; x_wconf 85' lang='lat' dir='ltr'>magis</span> 
     </span>
     <span class='ocr_line' id='line_1_18' title="bbox 188 1695 1088 1777; baseline 0 -19"><span class='ocrx_word' id='word_1_127' title='bbox 188 1698 363 1776; x_wconf 85' lang='lat' dir='ltr'>regulorum</span> <span class='ocrx_word' id='word_1_128' title='bbox 384 1695 643 1774; x_wconf 87' lang='lat' dir='ltr'>conciliandisque</span> <span class='ocrx_word' id='word_1_129' title='bbox 657 1716 711 1775; x_wconf 90' lang='lat' dir='ltr'>per</span> <span class='ocrx_word' id='word_1_130' title='bbox 724 1695 891 1756; x_wconf 89' lang='lat' dir='ltr'>amicitiam</span> <span class='ocrx_word' id='word_1_131' title='bbox 911 1697 1088 1777; x_wconf 89' lang='lat' dir='ltr'>principum</span> 
     </span>
     <span class='ocr_line' id='line_1_19' title="bbox 187 1775 1089 1857; baseline 0.003 -21"><span class='ocrx_word' id='word_1_132' title='bbox 187 1779 274 1839; x_wconf 86' lang='lat' dir='ltr'>novis</span> <span class='ocrx_word' id='word_1_133' title='bbox 294 1775 436 1857; x_wconf 86' lang='lat' dir='ltr'>gentibus</span> <span class='ocrx_word' id='word_1_134' title='bbox 457 1796 550 1856; x_wconf 91' lang='lat' dir='ltr'>quam</span> <span class='ocrx_word' id='word_1_135' title='bbox 575 1775 656 1836; x_wconf 94' lang='lat' dir='ltr'>bello</span> <span class='ocrx_word' id='word_1_136' title='bbox 681 1784 735 1836; x_wconf 91' lang='lat' dir='ltr'>aut</span> <span class='ocrx_word' id='word_1_137' title='bbox 759 1776 852 1836; x_wconf 89' lang='lat' dir='ltr'>armis</span> <span class='ocrx_word' id='word_1_138' title='bbox 876 1796 940 1836; x_wconf 90' lang='lat' dir='ltr'>rem</span> <span class='ocrx_word' id='word_1_139' title='bbox 961 1775 1089 1839; x_wconf 86' lang='lat' dir='ltr'>Cartha·</span> 
     </span>
     <span class='ocr_line' id='line_1_20' title="bbox 187 1854 1087 1936; baseline 0.001 -20"><span class='ocrx_word' id='word_1_140' title='bbox 187 1857 353 1936; x_wconf 87' lang='lat' dir='ltr'>giniensem</span> <span class='ocrx_word' id='word_1_141' title='bbox 374 1857 472 1918; x_wconf 84' lang='lat' dir='ltr'>auxit</span> <span class='ocrx_word' id='word_1_142' title='bbox 514 1855 656 1917; x_wconf 84' lang='lat' dir='ltr'>Ceterum</span> <span class='ocrx_word' id='word_1_143' title='bbox 670 1854 768 1916; x_wconf 89' lang='lat' dir='ltr'>nihilo</span> <span class='ocrx_word' id='word_1_144' title='bbox 782 1855 810 1916; x_wconf 91' lang='lat' dir='ltr'>ei</span> <span class='ocrx_word' id='word_1_145' title='bbox 824 1875 886 1934; x_wconf 85' lang='lat' dir='ltr'>pax</span> <span class='ocrx_word' id='word_1_146' title='bbox 900 1856 996 1916; x_wconf 90' lang='lat' dir='ltr'>tutior</span> <span class='ocrx_word' id='word_1_147' title='bbox 1008 1857 1087 1930; x_wconf 86' lang='lat' dir='ltr'>fuit;</span> 
     </span>
    </p>

    <p class='ocr_par' dir='ltr' id='par_1_7' title="bbox 134 1935 1087 2334">
     <span class='ocr_line' id='line_1_21' title="bbox 134 1935 1087 2016; baseline -0.003 -15"><span class='ocrx_word' id='word_1_148' title='bbox 134 1937 174 2001; x_wconf 83' lang='lat'>20</span> <span class='ocrx_word' id='word_1_149' title='bbox 188 1937 335 1998; x_wconf 89' lang='lat' dir='ltr'>barbarus</span> <span class='ocrx_word' id='word_1_150' title='bbox 349 1957 417 1998; x_wconf 92' lang='lat' dir='ltr'>eum</span> <span class='ocrx_word' id='word_1_151' title='bbox 435 1936 561 2016; x_wconf 91' lang='lat' dir='ltr'>quidam</span> <span class='ocrx_word' id='word_1_152' title='bbox 582 1935 686 2014; x_wconf 87' lang='lat' dir='ltr'>palam</span> <span class='ocrx_word' id='word_1_153' title='bbox 710 1935 749 1995; x_wconf 94' lang='lat' dir='ltr'>ob</span> <span class='ocrx_word' id='word_1_154' title='bbox 772 1936 848 1995; x_wconf 89' lang='lat' dir='ltr'>iram</span> <span class='ocrx_word' id='word_1_155' title='bbox 872 1936 1023 1997; x_wconf 89' lang='lat' dir='ltr'>interfecti</span> <span class='ocrx_word' id='word_1_156' title='bbox 1046 1937 1087 1998; x_wconf 90' lang='lat' dir='ltr'>ab</span> 
     </span>
     <span class='ocr_line' id='line_1_22' title="bbox 186 2015 1087 2095; baseline 0 -17"><span class='ocrx_word' id='word_1_157' title='bbox 186 2037 221 2078; x_wconf 91' lang='lat' dir='ltr'>eo</span> <span class='ocrx_word' id='word_1_158' title='bbox 235 2017 352 2078; x_wconf 89' lang='lat' dir='ltr'>domini</span> <span class='ocrx_word' id='word_1_159' title='bbox 362 2017 542 2089; x_wconf 88' lang='lat' dir='ltr'>obtruncat;</span> <span class='ocrx_word' id='word_1_160' title='bbox 557 2035 799 2095; x_wconf 85' lang='lat' dir='ltr'>conprensusque</span> <span class='ocrx_word' id='word_1_161' title='bbox 812 2015 852 2075; x_wconf 90' lang='lat' dir='ltr'>ab</span> <span class='ocrx_word' id='word_1_162' title='bbox 866 2015 1087 2078; x_wconf 85' lang='lat' dir='ltr'>circumstanti·</span> 
     </span>
     <span class='ocr_line' id='line_1_23' title="bbox 186 2095 1087 2176; baseline -0.001 -17"><span class='ocrx_word' id='word_1_163' title='bbox 186 2096 242 2159; x_wconf 91' lang='lat' dir='ltr'>bus</span> <span class='ocrx_word' id='word_1_164' title='bbox 256 2098 340 2159; x_wconf 91' lang='lat' dir='ltr'>haud</span> <span class='ocrx_word' id='word_1_165' title='bbox 354 2097 416 2158; x_wconf 90' lang='lat' dir='ltr'>alio</span> <span class='ocrx_word' id='word_1_166' title='bbox 430 2095 561 2176; x_wconf 89' lang='lat' dir='ltr'>quamsi</span> <span class='ocrx_word' id='word_1_167' title='bbox 575 2096 718 2156; x_wconf 86' lang='lat' dir='ltr'>evasisset</span> <span class='ocrx_word' id='word_1_168' title='bbox 732 2095 831 2167; x_wconf 89' lang='lat' dir='ltr'>vultu,</span> <span class='ocrx_word' id='word_1_169' title='bbox 844 2097 1000 2156; x_wconf 91' lang='lat' dir='ltr'>tormentis</span> <span class='ocrx_word' id='word_1_170' title='bbox 1014 2117 1087 2176; x_wconf 89' lang='lat' dir='ltr'>quo·</span> 
     </span>
     <span class='ocr_line' id='line_1_24' title="bbox 185 2175 1087 2257; baseline 0 -19"><span class='ocrx_word' id='word_1_171' title='bbox 185 2198 244 2257; x_wconf 89' lang='lat' dir='ltr'>que</span> <span class='ocrx_word' id='word_1_172' title='bbox 257 2199 328 2238; x_wconf 89' lang='lat' dir='ltr'>cum</span> <span class='ocrx_word' id='word_1_173' title='bbox 341 2178 536 2250; x_wconf 89' lang='lat' dir='ltr'>laceraretur,</span> <span class='ocrx_word' id='word_1_174' title='bbox 545 2196 580 2238; x_wconf 89' lang='lat' dir='ltr'>eo</span> <span class='ocrx_word' id='word_1_175' title='bbox 594 2175 655 2236; x_wconf 88' lang='lat' dir='ltr'>fuit</span> <span class='ocrx_word' id='word_1_176' title='bbox 668 2175 775 2236; x_wconf 90' lang='lat' dir='ltr'>babitu</span> <span class='ocrx_word' id='word_1_177' title='bbox 790 2177 858 2249; x_wconf 91' lang='lat' dir='ltr'>oris,</span> <span class='ocrx_word' id='word_1_178' title='bbox 869 2184 913 2248; x_wconf 91' lang='lat' dir='ltr'>ut,</span> <span class='ocrx_word' id='word_1_179' title='bbox 924 2186 1087 2255; x_wconf 89' lang='lat' dir='ltr'>superante</span> 
     </span>
     <span class='ocr_line' id='line_1_25' title="bbox 184 2255 1034 2334; baseline 0 -16"><span class='ocrx_word' id='word_1_180' title='bbox 184 2258 304 2319; x_wconf 89' lang='lat' dir='ltr'>laetitia</span> <span class='ocrx_word' id='word_1_181' title='bbox 318 2257 444 2330; x_wconf 89' lang='lat' dir='ltr'>dolores,</span> <span class='ocrx_word' id='word_1_182' title='bbox 460 2257 587 2317; x_wconf 91' lang='lat' dir='ltr'>ridentis</span> <span class='ocrx_word' id='word_1_183' title='bbox 601 2257 694 2317; x_wconf 89' lang='lat' dir='ltr'>etiam</span> <span class='ocrx_word' id='word_1_184' title='bbox 708 2255 837 2334; x_wconf 90' lang='lat' dir='ltr'>speciem</span> <span class='ocrx_word' id='word_1_185' title='bbox 852 2255 1034 2334; x_wconf 81' lang='lat' dir='ltr'>praebuerit</span> 
     </span>
    </p>

    <p class='ocr_par' dir='ltr' id='par_1_8' title="bbox 132 2335 1087 2736">
     <span class='ocr_line' id='line_1_26' title="bbox 132 2335 1087 2416; baseline -0.004 -14"><span class='ocrx_word' id='word_1_186' title='bbox 132 2340 171 2402; x_wconf 84' lang='lat'>25</span> <span class='ocrx_word' id='word_1_187' title='bbox 225 2338 304 2399; x_wconf 79' lang='lat' dir='ltr'>(lum</span> <span class='ocrx_word' id='word_1_188' title='bbox 323 2338 381 2399; x_wconf 90' lang='lat' dir='ltr'>hoc</span> <span class='ocrx_word' id='word_1_189' title='bbox 398 2336 605 2406; x_wconf 88' lang='lat' dir='ltr'>Hasdrubale,</span> <span class='ocrx_word' id='word_1_190' title='bbox 620 2336 693 2416; x_wconf 88' lang='lat' dir='ltr'>quia</span> <span class='ocrx_word' id='word_1_191' title='bbox 712 2335 808 2396; x_wconf 89' lang='lat' dir='ltr'>mirae</span> <span class='ocrx_word' id='word_1_192' title='bbox 827 2336 901 2395; x_wconf 91' lang='lat' dir='ltr'>artis</span> <span class='ocrx_word' id='word_1_193' title='bbox 922 2336 954 2395; x_wconf 90' lang='lat' dir='ltr'>in</span> <span class='ocrx_word' id='word_1_194' title='bbox 974 2336 1087 2398; x_wconf 89' lang='lat' dir='ltr'>sollici-</span> 
     </span>
     <span class='ocr_line' id='line_1_27' title="bbox 185 2413 1083 2498; baseline -0.001 -19"><span class='ocrx_word' id='word_1_195' title='bbox 185 2419 286 2480; x_wconf 90' lang='lat' dir='ltr'>tandis</span> <span class='ocrx_word' id='word_1_196' title='bbox 313 2417 454 2498; x_wconf 85' lang='lat' dir='ltr'>gentibus</span> <span class='ocrx_word' id='word_1_197' title='bbox 482 2415 670 2496; x_wconf 91' lang='lat' dir='ltr'>imperioque</span> <span class='ocrx_word' id='word_1_198' title='bbox 696 2435 751 2476; x_wconf 94' lang='lat' dir='ltr'>suo</span> <span class='ocrx_word' id='word_1_199' title='bbox 780 2413 945 2495; x_wconf 85' lang='lat' dir='ltr'>jungendis</span> <span class='ocrx_word' id='word_1_200' title='bbox 972 2417 1083 2491; x_wconf 84' lang='lat' dir='ltr'>fuerat,</span> 
     </span>
     <span class='ocr_line' id='line_1_28' title="bbox 184 2495 1086 2577; baseline -0.003 -18"><span class='ocrx_word' id='word_1_201' title='bbox 184 2498 289 2560; x_wconf 81' lang='lat' dir='ltr'>foedus</span> <span class='ocrx_word' id='word_1_202' title='bbox 311 2506 512 2559; x_wconf 85' lang='lat' dir='ltr'>renovaverat</span> <span class='ocrx_word' id='word_1_203' title='bbox 533 2497 666 2577; x_wconf 91' lang='lat' dir='ltr'>populus</span> <span class='ocrx_word' id='word_1_204' title='bbox 687 2496 853 2568; x_wconf 89' lang='lat' dir='ltr'>Romanus,</span> <span class='ocrx_word' id='word_1_205' title='bbox 868 2504 903 2556; x_wconf 91' lang='lat' dir='ltr'>ut</span> <span class='ocrx_word' id='word_1_206' title='bbox 921 2495 990 2556; x_wconf 87' lang='lat' dir='ltr'>finis</span> <span class='ocrx_word' id='word_1_207' title='bbox 1012 2498 1086 2558; x_wconf 88' lang='lat' dir='ltr'>utri-</span> 
     </span>
     <span class='ocr_line' id='line_1_29' title="bbox 184 2575 1086 2658; baseline -0.002 -18"><span class='ocrx_word' id='word_1_208' title='bbox 184 2597 278 2658; x_wconf 87' lang='lat' dir='ltr'>usque</span> <span class='ocrx_word' id='word_1_209' title='bbox 305 2578 426 2657; x_wconf 90' lang='lat' dir='ltr'>imperii</span> <span class='ocrx_word' id='word_1_210' title='bbox 453 2588 530 2639; x_wconf 90' lang='lat' dir='ltr'>esset</span> <span class='ocrx_word' id='word_1_211' title='bbox 555 2578 655 2638; x_wconf 89' lang='lat' dir='ltr'>amnis</span> <span class='ocrx_word' id='word_1_212' title='bbox 682 2575 826 2648; x_wconf 90' lang='lat' dir='ltr'>Hiberus,</span> <span class='ocrx_word' id='word_1_213' title='bbox 848 2575 1086 2656; x_wconf 85' lang='lat' dir='ltr'>Saguntinisque</span> 
     </span>
     <span class='ocr_line' id='line_1_30' title="bbox 185 2653 1086 2736; baseline -0.001 -18"><span class='ocrx_word' id='word_1_214' title='bbox 185 2660 292 2719; x_wconf 89' lang='lat' dir='ltr'>mediis</span> <span class='ocrx_word' id='word_1_215' title='bbox 319 2659 399 2718; x_wconf 87' lang='lat' dir='ltr'>inter</span> <span class='ocrx_word' id='word_1_216' title='bbox 425 2657 554 2736; x_wconf 85' lang='lat' dir='ltr'>imperia</span> <span class='ocrx_word' id='word_1_217' title='bbox 580 2657 713 2718; x_wconf 91' lang='lat' dir='ltr'>duorum</span> <span class='ocrx_word' id='word_1_218' title='bbox 742 2653 927 2736; x_wconf 91' lang='lat' dir='ltr'>populorum</span> <span class='ocrx_word' id='word_1_219' title='bbox 960 2655 1086 2718; x_wconf 85' lang='lat' dir='ltr'>libertas</span> 
     </span>
    </p>

    <p class='ocr_par' dir='ltr' id='par_1_9' title="bbox 131 2740 364 2802">
     <span class='ocr_line' id='line_1_31' title="bbox 131 2740 364 2802; baseline -0.013 0"><span class='ocrx_word' id='word_1_220' title='bbox 131 2740 171 2802; x_wconf 87' lang='grc'>30</span> <span class='ocrx_word' id='word_1_221' title='bbox 183 2747 364 2801; x_wconf 84' lang='lat' dir='ltr'>servaretur.</span> 
     </span>
    </p>

    <p class='ocr_par' dir='ltr' id='par_1_10' title="bbox 184 2815 1138 3136">
     <span class='ocr_line' id='line_1_32' title="bbox 225 2815 1085 2891; baseline -0.001 -13"><span class='ocrx_word' id='word_1_222' title='bbox 225 2818 288 2880; x_wconf 92' lang='lat' dir='ltr'>III.</span> <span class='ocrx_word' id='word_1_223' title='bbox 330 2818 369 2878; x_wconf 94' lang='lat' dir='ltr'>In</span> <span class='ocrx_word' id='word_1_224' title='bbox 389 2815 596 2878; x_wconf 87' lang='lat' dir='ltr'>Hasdrubalis</span> <span class='ocrx_word' id='word_1_225' title='bbox 616 2816 717 2877; x_wconf 89' lang='lat' dir='ltr'>locum</span> <span class='ocrx_word' id='word_1_226' title='bbox 738 2815 823 2876; x_wconf 89' lang='lat' dir='ltr'>haud</span> <span class='ocrx_word' id='word_1_227' title='bbox 840 2815 935 2876; x_wconf 92' lang='lat' dir='ltr'>dubia</span> <span class='ocrx_word' id='word_1_228' title='bbox 951 2835 998 2876; x_wconf 93' lang='lat' dir='ltr'>res</span> <span class='ocrx_word' id='word_1_229' title='bbox 1014 2815 1085 2891; x_wconf 83' lang='lat' dir='ltr'>fuit,</span> 
     </span>
     <span class='ocr_line' id='line_1_33' title="bbox 184 2895 1086 2979; baseline -0.002 -19"><span class='ocrx_word' id='word_1_230' title='bbox 184 2900 261 2979; x_wconf 93' lang='lat' dir='ltr'>quin</span> <span class='ocrx_word' id='word_1_231' title='bbox 288 2898 503 2978; x_wconf 83' lang='lat' dir='ltr'>praerogativa</span> <span class='ocrx_word' id='word_1_232' title='bbox 529 2896 680 2969; x_wconf 86' lang='lat' dir='ltr'>militaris,</span> <span class='ocrx_word' id='word_1_233' title='bbox 701 2915 764 2975; x_wconf 88' lang='lat' dir='ltr'>qua</span> <span class='ocrx_word' id='word_1_234' title='bbox 788 2895 943 2975; x_wconf 87' lang='lat' dir='ltr'>extemplo</span> <span class='ocrx_word' id='word_1_235' title='bbox 962 2897 1086 2975; x_wconf 84' lang='lat' dir='ltr'>juvenis</span> 
     </span>
     <span class='ocr_line' id='line_1_34' title="bbox 185 2976 1086 3058; baseline -0.004 -18"><span class='ocrx_word' id='word_1_236' title='bbox 185 2978 347 3040; x_wconf 88' lang='lat' dir='ltr'>Hannibal</span> <span class='ocrx_word' id='word_1_237' title='bbox 360 2979 393 3039; x_wconf 91' lang='lat' dir='ltr'>in</span> <span class='ocrx_word' id='word_1_238' title='bbox 407 2976 594 3058; x_wconf 89' lang='lat' dir='ltr'>praetorium</span> <span class='ocrx_word' id='word_1_239' title='bbox 604 2976 724 3037; x_wconf 91' lang='lat' dir='ltr'>delatus</span> <span class='ocrx_word' id='word_1_240' title='bbox 735 2977 958 3055; x_wconf 87' lang='lat' dir='ltr'>imperatorque</span> <span class='ocrx_word' id='word_1_241' title='bbox 969 2977 1086 3055; x_wconf 83' lang='lat' dir='ltr'>ingenti</span> 
     </span>
     <span class='ocr_line' id='line_1_35' title="bbox 184 3055 1138 3136; baseline -0.004 -17"><span class='ocrx_word' id='word_1_242' title='bbox 184 3061 321 3120; x_wconf 90' lang='lat' dir='ltr'>omnium</span> <span class='ocrx_word' id='word_1_243' title='bbox 335 3059 468 3119; x_wconf 88' lang='lat' dir='ltr'>clamore</span> <span class='ocrx_word' id='word_1_244' title='bbox 488 3067 580 3136; x_wconf 88' lang='lat' dir='ltr'>atque</span> <span class='ocrx_word' id='word_1_245' title='bbox 600 3056 729 3116; x_wconf 87' lang='lat' dir='ltr'>adsensu</span> <span class='ocrx_word' id='word_1_246' title='bbox 750 3055 923 3135; x_wconf 89' lang='lat' dir='ltr'>appellatus</span> <span class='ocrx_word' id='word_1_247' title='bbox 937 3056 1045 3128; x_wconf 72' lang='lat' dir='ltr'>erat*</span> <span class='ocrx_word' id='word_1_248' title='bbox 1067 3057 1086 3094; x_wconf 79' lang='lat'>&#39;¹‘</span> <span class='ocrx_word' id='word_1_249' title='bbox 1132 3105 1138 3115; x_wconf 68' lang='grc'><strong>,</strong></span> 
     </span>
    </p>

    <p class='ocr_par' dir='ltr' id='par_1_11' title="bbox 133 3134 1087 3534">
     <span class='ocr_line' id='line_1_36' title="bbox 133 3134 1084 3217; baseline -0.005 -16"><span class='ocrx_word' id='word_1_250' title='bbox 133 3141 172 3201; x_wconf 88' lang='grc'>35</span> <span class='ocrx_word' id='word_1_251' title='bbox 186 3141 274 3201; x_wconf 84' lang='lat' dir='ltr'>favor</span> <span class='ocrx_word' id='word_1_252' title='bbox 302 3137 400 3217; x_wconf 90' lang='lat' dir='ltr'>plebis</span> <span class='ocrx_word' id='word_1_253' title='bbox 426 3135 617 3214; x_wconf 86' lang='lat' dir='ltr'>sequebatur.</span> <span class='ocrx_word' id='word_1_254' title='bbox 659 3134 755 3195; x_wconf 89' lang='lat' dir='ltr'>Hunc</span> <span class='ocrx_word' id='word_1_255' title='bbox 783 3136 912 3198; x_wconf 85' lang='lat' dir='ltr'>vixdum</span> <span class='ocrx_word' id='word_1_256' title='bbox 940 3135 1084 3214; x_wconf 88' lang='lat' dir='ltr'>puberem</span> 
     </span>
     <span class='ocr_line' id='line_1_37' title="bbox 186 3213 1086 3295; baseline -0.002 -17"><span class='ocrx_word' id='word_1_257' title='bbox 186 3216 365 3278; x_wconf 87' lang='lat' dir='ltr'>Hasdrubal</span> <span class='ocrx_word' id='word_1_258' title='bbox 394 3216 504 3276; x_wconf 89' lang='lat' dir='ltr'>litteris</span> <span class='ocrx_word' id='word_1_259' title='bbox 531 3213 571 3274; x_wconf 91' lang='lat' dir='ltr'>ad</span> <span class='ocrx_word' id='word_1_260' title='bbox 589 3233 631 3292; x_wconf 84' lang='lat' dir='ltr'>se</span> <span class='ocrx_word' id='word_1_261' title='bbox 657 3214 847 3288; x_wconf 89' lang='lat' dir='ltr'>accersierat,</span> <span class='ocrx_word' id='word_1_262' title='bbox 874 3225 1004 3295; x_wconf 87' lang='lat' dir='ltr'>actaque</span> <span class='ocrx_word' id='word_1_263' title='bbox 1039 3235 1086 3276; x_wconf 79' lang='lat' dir='ltr'>res</span> 
     </span>
     <span class='ocr_line' id='line_1_38' title="bbox 187 3292 1086 3368; baseline -0.001 -12"><span class='ocrx_word' id='word_1_264' title='bbox 187 3299 279 3357; x_wconf 91' lang='lat' dir='ltr'>etiam</span> <span class='ocrx_word' id='word_1_265' title='bbox 307 3297 340 3354; x_wconf 87' lang='lat' dir='ltr'>in</span> <span class='ocrx_word' id='word_1_266' title='bbox 366 3305 474 3355; x_wconf 91' lang='lat' dir='ltr'>senatu</span> <span class='ocrx_word' id='word_1_267' title='bbox 507 3293 615 3353; x_wconf 86' lang='lat' dir='ltr'>fuerat.</span> <span class='ocrx_word' id='word_1_268' title='bbox 670 3292 811 3354; x_wconf 90' lang='lat' dir='ltr'>Barcinis</span> <span class='ocrx_word' id='word_1_269' title='bbox 845 3295 1022 3368; x_wconf 89' lang='lat' dir='ltr'>nitentibus,</span> <span class='ocrx_word' id='word_1_270' title='bbox 1051 3305 1086 3356; x_wconf 94' lang='lat' dir='ltr'>ut</span> 
     </span>
     <span class='ocr_line' id='line_1_39' title="bbox 188 3370 1087 3453; baseline 0.001 -19"><span class='ocrx_word' id='word_1_271' title='bbox 188 3376 377 3434; x_wconf 87' lang='lat' dir='ltr'>adsuesceret</span> <span class='ocrx_word' id='word_1_272' title='bbox 390 3373 518 3432; x_wconf 92' lang='lat' dir='ltr'>militiae</span> <span class='ocrx_word' id='word_1_273' title='bbox 532 3370 693 3432; x_wconf 91' lang='lat' dir='ltr'>Hannibal</span> <span class='ocrx_word' id='word_1_274' title='bbox 706 3381 798 3452; x_wconf 88' lang='lat' dir='ltr'>atque</span> <span class='ocrx_word' id='word_1_275' title='bbox 812 3373 844 3432; x_wconf 92' lang='lat' dir='ltr'>in</span> <span class='ocrx_word' id='word_1_276' title='bbox 859 3383 1000 3453; x_wconf 87' lang='lat' dir='ltr'>paternas</span> <span class='ocrx_word' id='word_1_277' title='bbox 1019 3395 1087 3436; x_wconf 92' lang='lat' dir='ltr'>suc·</span> 
     </span>
     <span class='ocr_line' id='line_1_40' title="bbox 189 3449 1087 3534; baseline 0.003 -20"><span class='ocrx_word' id='word_1_278' title='bbox 189 3453 309 3514; x_wconf 86' lang='lat' dir='ltr'>cederet</span> <span class='ocrx_word' id='word_1_279' title='bbox 326 3471 405 3530; x_wconf 88' lang='lat' dir='ltr'>opos,</span> <span class='ocrx_word' id='word_1_280' title='bbox 420 3450 544 3523; x_wconf 88' lang='lat' dir='ltr'>Hanno,</span> <span class='ocrx_word' id='word_1_281' title='bbox 558 3449 684 3512; x_wconf 85' lang='lat' dir='ltr'>alterius</span> <span class='ocrx_word' id='word_1_282' title='bbox 704 3452 844 3513; x_wconf 84' lang='lat' dir='ltr'>factionis</span> <span class='ocrx_word' id='word_1_283' title='bbox 865 3455 1017 3534; x_wconf 82' lang='lat' dir='ltr'>princeps,</span> <span class='ocrx_word' id='word_1_284' title='bbox 1028 3459 1087 3517; x_wconf 87' lang='lat' dir='ltr'>“et</span> 
     </span>
    </p>
   </div>
   <div class='ocr_carea' id='block_1_3' title="bbox 0 0 1290 3790">
    <p class='ocr_par' dir='ltr' id='par_1_12' title="bbox 0 0 1290 3790">
     <span class='ocr_line' id='line_1_41' title="bbox 0 0 1290 3790; baseline 0 1"><span class='ocrx_word' id='word_1_285' title='bbox 0 0 1290 3790; x_wconf 95' lang='lat' dir='ltr'> </span> 
     </span>
    </p>
   </div>
  </div>
 </body>
</html>
