2616 3790
437 243 571 291 monn
597 241 694 309 xx1,
721 224 851 294 25-26.
1081 231 1142 295 105

191 398 411 461 Brixianorum
425 399 518 460 etiam
533 399 695 461 Gallorum
716 399 833 460 auxilio
853 398 998 462 adversus
1014 419 1090 462 cres·

189 488 306 540 centem
321 481 354 538 in
368 480 432 540 dies
447 479 674 540 multitudinem
688 480 820 540 hostium
835 479 1023 542 tutabantur.

227 559 357 620 XXVI.
400 560 463 635 Qui
485 559 634 620 tumultus
654 579 761 638 repens
781 560 940 638 postquam
962 568 1007 621 est
1030 561 1089 623 Ro

188 658 269 698 mam
292 641 435 717 perlatus,
457 647 487 700 et
508 639 658 699 Punicum
680 639 746 698 insu
788 659 803 698 r
827 637 949 700 Gallico
973 639 1087 702 bellum

187 727 313 778 auctum
325 729 429 810 patres
443 726 633 797 acceperunt,
643 717 676 780 O.
688 718 745 779 Ati
759 719 822 778 ium
834 727 1003 796 praetorem
1018 741 1087 782 cum
1122 726 1142 787 5

187 817 250 856 una
272 796 393 876 legione
417 798 558 858 Romana
578 807 609 858 et
629 797 762 877 quinque
783 797 907 859 milibus
928 799 1088 876 sociorum,

187 875 303 936 dilectu
327 897 407 939 novo
431 898 451 938 a
474 877 597 938 consule
621 878 808 957 conscriptis,
832 879 985 940 auxilium
1009 879 1088 942 ferre

187 955 307 1016 Manlio
316 956 444 1035 jubent;
485 957 517 1017 ui
530 957 595 1017 sine
608 957 674 1018 ullo
688 958 853 1018 certamino
868 958 1088 1034 (abscesserant

187 1035 268 1095 enim
283 1045 366 1096 metu
380 977 494 1110 hostesb
509 1035 680 1097 Tannetum
694 1037 842 1117 pervenit.

225 1114 269 1174 Et
283 1115 318 1176 P.
334 1115 501 1190 Cornelius,
522 1116 555 1176 in
579 1115 681 1176 locum
705 1117 778 1196 ejus,
799 1137 877 1197 quae
901 1118 992 1180 missa
1015 1139 1086 1180 cum
1100 1125 1140 1188 10

184 1204 324 1274 praetore
338 1205 413 1267 erat,
427 1196 541 1275 scripta
554 1195 673 1274 legione
686 1216 776 1270 nova,
790 1198 942 1277 profectus
956 1199 995 1259 ab
1010 1199 1086 1272 urbo¹

184 1275 346 1354 sexaginta
373 1275 473 1355 longis
499 1274 639 1349 navibus,
668 1285 788 1355 praeter
821 1297 905 1338 oram
940 1278 1086 1341 Etruriae

184 1353 396 1434 Ligurumque
416 1365 447 1416 et
466 1355 537 1415 inde
557 1354 685 1434 Salyum
710 1356 820 1417 montis
866 1359 984 1419 ervenit
1004 1359 1084 1420 Mas-

182 1434 295 1506 siliam,
312 1443 343 1495 et
364 1433 405 1494 ad
424 1455 607 1514 proxumum
629 1435 739 1496 ostium
761 1435 832 1497 Rho
854 1437 906 1496 ani
929 1437 1084 1516 (pluribus

182 1513 265 1574 enim
287 1514 402 1577 divisus
423 1515 521 1574 amnis
541 1514 573 1573 in
594 1535 679 1576 mare
699 1516 849 1594 decurrit)
871 1525 969 1577 eastra
993 1516 1083 1592 locat,
1099 1525 1138 1585 15

182 1592 313 1654 vixdum
337 1594 412 1655 satis
433 1593 557 1655 credens
580 1592 791 1656 Hannibalem
814 1615 969 1674 superasse
993 1597 1085 1676 Pyre-

181 1692 273 1733 naeos
286 1674 406 1734 montis.
448 1673 547 1750 Quem
563 1682 597 1735 ut
611 1674 649 1734 de
663 1674 807 1735 Rhodani
821 1695 939 1756 quoque
952 1677 1083 1738 transitu

181 1752 300 1831 agitare
314 1753 541 1827 animadvertit,
556 1754 697 1828 incertus,
712 1775 843 1835 quonam
858 1756 886 1816 ei
899 1755 966 1818 loco
979 1775 1083 1818 occur·

181 1831 270 1905 reret,
285 1833 415 1894 necdum
436 1834 509 1895 satis
531 1834 649 1895 refectis
671 1835 711 1895 ab
729 1835 898 1914 jactatione
918 1837 1082 1899 marituma

180 1913 339 1988 militibus,
354 1923 504 1975 trecentos
525 1914 647 1974 interim
667 1915 797 1976 delectos
817 1915 932 1994 equites
952 1917 1081 1979 ducibus
1096 1923 1136 1985 20

179 1994 424 2055 Massiliensibus
439 2003 469 2056 et
482 1993 686 2056 auxiliaribus
706 1993 809 2056 Gallis
829 1995 870 2056 ad
890 1996 1082 2074 exploranda

179 2074 285 2135 omnia
297 2075 498 2154 visendosque
516 2095 555 2135 ex
575 2083 643 2134 tuto
661 2074 761 2136 hostes
775 2075 953 2154 praemittit.
994 2075 1082 2136 Han·

178 2154 275 2228 nibal,
295 2154 403 2215 ceteris
426 2163 509 2215 metu
534 2163 589 2215 aut
612 2154 711 2233 pretio
730 2154 857 2233 pacatis,
889 2175 939 2214 am
959 2155 993 2214 in
1006 2154 1081 2217 Vol-

179 2254 287 2294 carum
314 2243 494 2313 pervenerat
520 2254 640 2313 agrum,
668 2233 766 2313 gentis
793 2175 924 2295 validae.
966 2233 1081 2296 Colunt

178 2322 283 2374 autem
304 2313 386 2374 circa
412 2323 573 2393 utramque
601 2315 699 2393 ripam
724 2313 886 2386 Rhodani3
913 2313 966 2374 sed
990 2315 1080 2376 diffisi
1095 2320 1134 2382 25

178 2394 319 2455 citeriore
342 2414 416 2472 agro
441 2395 537 2455 arceri
562 2393 699 2454 Poenum
745 2414 817 2466 osse,
836 2403 871 2454 ut
892 2394 1004 2454 flumen
1025 2415 1081 2474 pro

178 2473 369 2534 munimento
382 2473 537 2547 haberent,
553 2473 694 2534 omnibus
714 2413 810 2534 lbrme
825 2472 886 2532 suis
900 2482 984 2534 trans
998 2474 1081 2536 Rho

177 2553 294 2614 danum
316 2554 460 2633 trajectis,
481 2553 656 2614 ulteriorem
677 2553 777 2632 ripam
798 2553 896 2613 amnis
917 2553 1009 2614 armis
1029 2553 1080 2615 ob·

177 2633 327 2694 tinebant
361 2633 483 2694 Ceteros
493 2633 611 2694 accolae
621 2633 755 2693 fluminis
764 2632 925 2693 Hannibal
936 2643 966 2694 et
976 2653 1079 2694 eorum

177 2711 189 2772 i
245 2733 324 2785 rum,
348 2732 423 2791 quos
445 2713 529 2773 sedes
552 2732 625 2773 suae
648 2721 819 2786 tenuerant,
843 2712 934 2774 simul
979 2713 1080 2776 erlicit
1094 2719 1133 2782 30

200 2794 266 2852 onis
280 2792 321 2853 ad
334 2813 427 2855 naves
437 2793 572 2872 undique
582 2792 804 2854 contrahendas
816 2734 1079 2873 fabricandasque,

176 2872 271 2932 simul
285 2881 317 2933 et
329 2873 387 2952 ipsi
398 2872 488 2934 traici
498 2874 667 2934 exercitum
677 2872 834 2952 levarique
844 2893 936 2952 quam
947 2874 1080 2952 primum

176 2953 334 3031 regionem
353 2973 439 3014 suam
458 2963 546 3014 tanta
562 2953 721 3012 hominum
735 2962 864 3032 urgente
876 2953 967 3014 turba
981 2955 1081 3032 cupie-

176 3031 263 3093 bant
305 3031 414 3112 Itaque
437 3032 543 3173 ingens
568 3041 673 3093 coacta
691 3032 739 3093 vis
763 3033 890 3094 navium
915 3042 959 3094 est
982 3033 1080 3095 lintri·

177 3131 292 3191 umque
315 3121 427 3174 temere
450 3133 469 3173 a
511 3111 675 3175 vicinalem
700 3131 788 3171 usum
813 3122 1007 3189 paratarum
1029 3133 1080 3174 no
1095 3115 1133 3178 35

177 3211 293 3270 vasque
313 3192 389 3253 alias
409 3193 542 3272 primum
563 3190 648 3253 Galli
669 3191 846 3252 inchoantes
867 3194 1021 3253 cavabant
1041 3213 1081 3253 ex

176 3270 307 3349 singulis
321 3271 490 3344 arboribus,
505 3271 616 3332 deinde
629 3279 660 3330 et
673 3271 730 3348 ipsi
745 3271 866 3343 milites,
880 3272 971 3332 simul
993 3272 1081 3349 copia

177 3351 324 3410 materiae
347 3351 438 3411 simul
462 3351 612 3412 facilitate
636 3350 735 3428 operis
759 3349 886 3422 inducti,
911 3350 1013 3410 alveos
1038 3351 1081 3407 in-

175 3429 298 3503 formes,
312 3430 392 3491 nihil
408 3429 573 3495 dummodo
589 3429 698 3490 innare
713 3446 811 3506 aquae
824 3437 855 3487 et
869 3445 975 3504 copem
989 3445 1081 3492 onera
