2572 3790
134 224 178 290 62
303 242 394 290 1111
420 229 516 294 arur
542 241 597 290 aa
623 243 738 291 vans
767 243 962 293 conn1rs

189 398 286 478 jerem
301 419 424 459 censum
438 399 593 474 haberent,
608 399 764 479 octoginta
780 400 911 464 confecit
925 403 1086 478 centurias,

188 477 397 558 quadragenas
416 480 568 540 seniorum
589 500 625 541 ae
641 480 816 560 juniorum:
844 482 962 561 primae
982 484 1086 545 elassis

188 578 291 618 omnes
319 558 486 638 appellati;
517 561 647 622 seniores
674 560 715 620 ad
743 561 827 622 urbis
854 562 1023 624 custodiam
1051 573 1087 624 ut

188 646 307 716 praesto
317 648 423 712 essent,
433 640 561 718 juvenes
575 648 610 701 ut
623 640 695 701 foris
709 639 791 700 bella
825 651 952 703 ererent.
986 642 1087 703 Arma

105 729 106 732 ’
155 717 399 797 511111111ρ11111
412 719 510 797 galea,
524 720 666 799 elipeum,
681 740 795 794 ocreae,
804 662 915 795 lorica,
930 723 1032 782 omnia
1046 743 1087 783 ex

187 816 266 871 aere,
280 798 365 872 haec,
380 807 415 860 ut
428 807 604 878 tegumenta
617 819 652 860 eo
690 799 750 859 oris
764 809 870 874 essent,
886 800 948 861 tela
968 802 1001 861 in
1020 801 1087 862 hos-

187 885 248 938 tem
270 878 417 957 hastaque
438 888 469 940 et
489 878 617 957 gladius.
691 878 796 940 dditae
809 879 882 940 huie
901 880 989 942 classi
1008 881 1087 942 duae

187 956 308 1017 fabrum
323 957 486 1030 centuriae,
495 978 573 1036 quae
585 958 650 1018 sine
664 959 756 1018 armis
769 959 922 1039 stipendia
935 960 1087 1035 facerent;

187 1035 294 1096 datum
304 1056 424 1114 munus,
436 1046 471 1097 ut
482 1037 638 1098 machinas
652 1039 685 1098 in
699 1037 779 1101 bello
790 1040 912 1102 ferrent.
946 1041 1088 1103 Secunda

136 1116 175 1179 10
188 1115 292 1176 elassis
305 1116 388 1176 infra
401 1125 524 1177 eentum
537 1137 632 1196 usque
645 1117 686 1178 ad
699 1119 834 1198 quinque
847 1129 878 1182 et
891 1122 1087 1200 septuaginta

186 1195 309 1256 milium
329 1216 450 1258 censum
471 1197 622 1271 instituta,
636 1208 667 1258 et
685 1219 724 1258 ex
745 1200 790 1273 iis,
804 1200 972 1262 senioribus
988 1202 1088 1281 junio-

187 1275 341 1356 ribusque,
355 1277 467 1357 uiginti
484 1278 672 1358 conscriptae
693 1281 866 1353 centuriae3
887 1300 974 1341 arma
994 1281 1088 1360 impe·

187 1366 256 1418 rata
282 1366 403 1419 scutum
431 1377 487 1438 pro
513 1357 611 1438 clipeo
633 1367 664 1419 et
687 1369 808 1438 praeter
831 1359 958 1421 loricam
984 1362 1088 1422 emnia

186 1437 301 1500 eadem.
343 1436 464 1500 Tertiae
491 1438 594 1500 elassis
624 1440 686 1517 [in]
715 1440 938 1519 quinquaginta
965 1440 1087 1502 milium

136 1523 173 1584 15
187 1540 310 1581 eensnm
324 1540 386 1581 esse
399 1520 514 1593 voluit;
535 1520 662 1581 totidem
676 1521 831 1580 centuriae
844 1529 876 1580 et
889 1520 955 1594 hae,
970 1521 1089 1582 eodem·

187 1620 247 1680 que
266 1600 441 1662 discrimine
460 1601 606 1662 aetatium
627 1600 744 1674 faetae;
764 1621 820 1662 nee
838 1600 877 1661 de
894 1601 987 1662 armis
1006 1602 1089 1682 quie·

186 1701 279 1761 quam
293 1691 445 1742 mutatum
458 1703 466 1754 ;
480 1701 585 1743 ocreae
592 1691 713 1744 tantum
724 1682 893 1763 ademptae.
927 1683 967 1744 In
977 1693 1089 1764 quarta

187 1763 281 1825 classe
295 1783 400 1824 census
414 1764 549 1843 quinque
562 1772 593 1825 et
602 1764 715 1843 viginti
726 1764 845 1826 milium
857 1786 865 1838 ;
880 1766 1006 1828 totidem
1021 1787 1097 1838 oens

186 1845 287 1905 turias
299 1844 407 1918 factae,
422 1864 508 1904 arma
521 1852 641 1906 mutata
650 1865 658 1917 ;
678 1845 758 1905 nihil
779 1854 899 1924 praeter
919 1847 1039 1907 hastam
1055 1856 1088 1908 et

134 1925 174 1988 20
187 1934 329 1987 verutum
356 1925 472 1985 datum.
514 1925 634 2002 Quinta
660 1924 763 1986 elassis
789 1933 898 1998 aueta;
933 1927 1092 1988 centuriae-

186 2005 315 2084 triginta
332 2004 449 2076 factae;
471 2004 583 2066 fundas
603 2003 779 2084 lapidesque
798 2005 926 2067 missiles
939 2007 972 2067 hi
985 2027 1088 2069 seeum

186 2084 341 2164 gerebant.
382 2084 420 2144 In
435 2084 483 2144 his
496 2084 624 2158 accensi,
640 2086 1038 2167 eernieinmtubieinesque,
1053 2088 1087 2149 in

187 2175 248 2224 tres
275 2165 426 2226 centurias
453 2163 619 2226 distributi.
674 2164 828 2226 Undeeim
855 2166 980 2227 milibus
1010 2167 1086 2228 haee

186 2243 290 2304 elassis
303 2244 491 2307 censebatur.
533 2244 604 2306 Hoe
617 2243 717 2306 minor
731 2264 836 2306 census
850 2245 999 2325 reliquam
1011 2247 1088 2307 mul·

133 2323 173 2386 25
186 2325 349 2384 titudinem
371 2325 497 2399 habuit;
521 2324 594 2386 inde
613 2344 676 2385 una
696 2325 834 2386 centuria
854 2324 938 2386 faeta
957 2335 1011 2400 est,
1031 2327 1088 2386 im·

185 2405 286 2466 munis
306 2404 427 2466 militia.

227 2485 277 2546 Ita
290 2485 421 2564 pedestri
436 2485 572 2546 exercitu
586 2493 692 2546 ornate
707 2483 938 2566 distributoque,
949 2487 1086 2566 equitum

186 2583 226 2624 ex
240 2565 423 2644 primoribus
438 2565 572 2628 civitatis
592 2565 751 2626 duodecim
773 2567 893 2645 scripsit
913 2569 1066 2628 centurias
1077 2589 1085 2640 ;

186 2665 240 2704 sex
254 2645 328 2706 item
341 2645 419 2706 alias
433 2646 593 2719 uenturias,
608 2645 706 2706 tribus
727 2645 767 2706 ab
782 2646 914 2707 Romulo
929 2647 1086 2721 institutis,

133 2725 173 2787 30
186 2723 242 2784 suh
256 2724 361 2798 isdem,
371 2725 481 2804 quibus
495 2726 695 2806 inauguratae
708 2734 806 2798 erant,
816 2725 991 2787 nominibus
1005 2727 1086 2789 feeit.

185 2803 240 2865 Ad
298 2823 352 2866 uos
372 2805 513 2866 emendos
527 2805 605 2866 dena
619 2805 707 2865 milia
720 2805 797 2866 aeris
811 2826 850 2866 ex
864 2806 990 2885 publico
1004 2806 1086 2882 data,

185 2893 225 2958 et,
240 2824 351 2964 qblbus
365 2905 457 2965 equos
471 2884 596 2958 alerent,
606 2884 718 2944 viduae
731 2884 907 2958 attributae,
922 2906 1000 2965 quae
1014 2886 1088 2948 bina

185 2965 273 3025 milia
286 2965 364 3026 aeris
378 2966 411 3026 in
424 2984 519 3024 annos
530 2963 665 3042 singulos
675 2965 851 3042 penderent.
885 2965 974 3028 Haee
984 2968 1088 3028 omnia

185 3045 217 3104 in
233 3045 311 3105 dites
325 3066 344 3105 a
357 3044 542 3125 pauperibus
555 3043 704 3103 inclinata
718 3065 818 3105 onera.

134 3124 173 3185 35
228 3124 348 3185 Deinde
372 3134 417 3185 est
440 3125 535 3185 honos
559 3124 697 3184 additus:
719 3142 781 3182 non
805 3124 896 3197 enim,
911 3133 946 3186 ut
966 3124 1006 3185 ab
1027 3125 1087 3186 Ro-

186 3203 271 3264 mulo
291 3204 439 3265 traditum
461 3204 553 3264 ceteri
572 3211 769 3264 servaverant
782 3223 875 3280 reges,
890 3205 1007 3266 viritim
1027 3206 1088 3265 suf·

186 3283 320 3361 fragium
341 3285 446 3343 eadem
459 3283 492 3345 vi
506 3282 671 3360 eodemque
686 3283 758 3361 jure
777 3283 926 3360 promisee
946 3283 1087 3344 omnibus

187 3362 295 3422 datum
309 3371 370 3434 est;
391 3362 443 3421 sed
461 3362 575 3438 gradus
593 3361 677 3434 faeti,
690 3370 726 3421 ut
740 3381 838 3440 neque
851 3361 993 3422 exclusus
1007 3364 1087 3442 quis-

188 3458 280 3518 quam
293 3440 437 3518 suffragio
450 3440 606 3502 videretur
620 3448 651 3500 et
664 3440 710 3502 vis
724 3441 822 3513 omnis
835 3461 927 3520 penes
939 3443 1087 3522 primores
