2572 3790
482 755 857 851 PRAEFATIO.

555 945 768 990 *⁰⁰8⁸-

265 1074 529 1139 AcrURUSNE
538 1096 648 1156 operae
657 1073 865 1156 pretiumsim‚
875 1072 901 1134 si
911 1092 931 1133 a
940 1067 1109 1152 primordio

284 1189 368 1250 urbis
381 1210 428 1251 res
441 1189 548 1270 populi
563 1189 696 1250 Romani
710 1185 944 1268 perscripserim,
958 1205 1014 1245 nec
1033 1182 1107 1244 satis

200 1302 273 1376 scio,
287 1323 352 1377 nec,
366 1304 392 1364 si
405 1303 509 1377 sciam,
520 1303 622 1364 dicere
634 1301 733 1363 ausim
734 1299 866 1381 ,quippe
880 1299 933 1380 qui
947 1317 1017 1359 cum
1027 1304 1108 1359 vete·

200 1433 266 1474 rem
287 1423 354 1476 tum
366 1415 526 1496 vulgatam
550 1435 612 1477 essa
634 1435 700 1476 rem
712 1413 845 1487 videam,
859 1411 933 1473 dum
946 1409 1019 1472 novi
1032 1429 1107 1470 sem-

200 1545 257 1607 per
269 1525 469 1612 scriptores
442 1536 497 1588 aut
509 1526 543 1586 in
556 1525 647 1587 rebus
662 1524 772 1586 certius
786 1522 903 1604 aliquid
917 1478 1063 1582 allaturos
1076 1540 1109 1581 se
1141 1519 1162 1582 5

201 1643 257 1696 aut
269 1634 420 1696 scribendi
434 1643 500 1697 arte
516 1633 624 1696 rudem
638 1641 821 1697 vetustatem
841 1640 1034 1713 superaturos
1047 1649 1109 1692 cre·

201 1747 289 1810 dunt.
329 1747 505 1828 Utcumque
515 1748 582 1822 erit,
592 1747 716 1828 juvabit
729 1755 832 1808 tamen
837 1764 944 1807 rerum
954 1751 1108 1826 gestarum

201 1861 366 1922 memoriae
379 1860 526 1942 principis
536 1869 688 1922 terrarum
698 1859 806 1941 populi
819 1879 875 1941 pro
885 1858 972 1922 virili-
980 1867 1067 1940 parte
1077 1865 1108 1920 et

201 1972 302 2053 ipsum
313 1972 511 2046 consuluisse;
524 1981 556 2033 et
565 1972 592 2033 si
601 1972 634 2033 in
646 1979 733 2033 tanta
742 1972 924 2053 scriptorum
934 1971 1026 2033 turba
1040 1992 1108 2032 mea

139 2175 151 2182 ..
201 2086 285 2147 fama
299 2083 332 2147 in
346 2086 471 2149 obscuro
491 2087 541 2161 sit,
555 2085 716 2148 nobilitate
729 2107 766 2148 ac
779 2085 990 2166 magnitudine
1003 2105 1106 2146 eorum
1123 2085 1161 2146 10

201 2219 259 2274 me,
270 2200 324 2280 qui
337 2200 454 2262 nomini
469 2199 600 2262 officient
614 2221 690 2275 meo,
705 2199 850 2262 consoler.
891 2199 952 2260 Res
966 2207 1010 2260 est
1023 2219 1108 2292 prae-

201 2319 284 2374 terea
304 2321 335 2374 et
354 2313 482 2375 inmensi
504 2313 611 2395 operis,
625 2323 661 2376 ut
674 2334 753 2396 quae
770 2333 863 2394 supra
882 2311 1107 2403 septingentesi-

148 2433 152 2442 '
201 2444 286 2484 mum
307 2445 420 2486 annum
442 2433 606 2506 repetatur,
621 2435 651 2488 et
676 2447 754 2506 quae
777 2426 817 2487 ab
838 2426 957 2506 exiguis
971 2425 1106 2506 profecta

201 2536 298 2599 initiis
318 2559 353 2598 eo
375 2540 513 2613 creverit,
534 2548 570 2600 ut
584 2539 651 2620 jam
674 2539 885 2619 magnitudine
905 2539 1022 2600 laboret
1037 2559 1110 2610 sua;

202 2655 234 2710 et
268 2647 436 2729 legentium
461 2650 614 2732 plerisque
640 2649 725 2712 haud
753 2650 860 2712 dubito
888 2651 962 2732 quin
989 2652 1106 2732 primae
1121 2651 1160 2712 15

202 2761 333 2842 origines
365 2762 566 2844 proximaque
599 2763 766 2844 originibus
795 2765 896 2825 minus
929 2764 1107 2847 praebitura

200 2873 367 2956 voluptatis
380 2875 451 2949 sint,
460 2875 674 2940 festinantibus
684 2877 725 2940 ad
735 2878 812 2940 haec
821 2897 910 2953 nova,
919 2878 1029 2959 quibus
1039 2879 1106 2959 jam
1275 2947 1276 2970 χ

200 2987 319 3069 pridem
335 2989 542 3069 praevalentis
562 2991 669 3072 populi
684 2992 763 3054 vires
783 3012 816 3054 se
835 2992 918 3072 ipsas
932 2992 1104 3054 conficiunt.
1157 3031 1164 3046 ι
1275 2971 1276 2996 ³

201 3102 269 3182 Ego
289 3110 396 3164 contra
415 3101 474 3165 hoo
495 3125 613 3185 quoqne
634 3105 748 3167 laboris
761 3105 931 3186 praemium
945 3115 1056 3186 petam,
1071 3115 1107 3168 nt

200 3236 248 3275 me
261 3235 281 3276 a
295 3223 456 3296 conspectu
477 3217 637 3293 malorum,
651 3240 730 3299 quae
749 3227 853 3280 nostra
871 3228 918 3281 tot
936 3239 992 3300 per
1010 3241 1106 3281 annos
1121 3221 1159 3282 20

199 3327 279 3390 vidit
291 3336 383 3403 aetas,
395 3329 543 3409 tantisper
557 3339 646 3405 certe,
657 3331 731 3392 dum
745 3331 846 3411 prisca
859 3330 914 3390 illa
928 3340 992 3392 tota
1006 3341 1107 3390 mente

200 3447 311 3518 repeto,
332 3447 479 3512 avertam,
493 3441 591 3500 omnis
611 3461 719 3518 expers
740 3461 838 3512 curae,
853 3461 931 3518 quae
950 3440 1107 3499 scribentis

1029 3528 1061 3575 18
