2616 3790
448 264 582 312 arnan
607 264 697 331 xxr,
722 249 856 316 31-32.
1089 252 1149 317 111

196 420 282 482 nuda
304 421 431 482 auxiliis
455 420 602 482 Romanis
627 421 686 482 His
708 422 780 483 ania
804 431 889 497 esset,
915 443 1006 503 quam
1030 444 1098 504 pro·

196 501 332 562 vinciam
358 502 482 564 sortitus
504 510 579 574 erat,
603 501 658 562 (ln.
686 443 860 581 ἕοὶρίοηθηι
887 501 1012 564 fratrem
1027 525 1098 565 cum

195 581 334 641 maxima
372 591 460 660 parte
497 581 655 659 copiarum
690 581 835 642 adversus
872 583 1097 645 Hasdrubalem

195 659 289 733 misit,
314 680 376 720 non
403 660 443 720 ad
470 660 598 721 tuendos
625 662 836 723 tantummodo
860 672 977 725 veteres
1003 665 1098 726 socios

195 739 464 818 conciliandosque
483 759 586 814 novos,
601 739 653 801 sed
667 742 761 802 etiam
775 742 815 802 ad
830 743 1005 822 pellendum
1027 744 1098 804 His·
1132 746 1152 808 5

194 819 291 898 pania
318 818 558 880 Hasdrubalem.
599 820 669 900 Ipso
693 841 765 882 oum
791 823 956 884 admodum
980 823 1099 903 exiguis

195 899 292 977 copiis
320 898 460 960 Genuam
487 899 671 979 repetitae,
693 902 747 980 qui
774 903 858 964 circa
885 901 1006 963 Padum
1033 914 1099 965 erat

195 979 358 1051 exercitus,
380 979 504 1039 Italiam
525 979 711 1043 defensurus.

237 1057 399 1118 Hannibal
419 1058 458 1119 ab
480 1059 633 1122 Druentia
654 1061 815 1142 campestri
834 1063 969 1124 maxime
991 1061 1099 1124 itinere

195 1137 237 1197 ad
258 1139 350 1218 Alpis
370 1159 440 1199 cum
464 1138 546 1201 bona
565 1161 641 1221 pace
661 1142 860 1204 incolentium
881 1163 917 1204 ea
936 1143 1005 1204 loca
1025 1143 1152 1206 Gal-10

195 1217 298 1276 lorum
318 1220 465 1297 pervenit.
507 1219 596 1294 Tum,
614 1242 800 1301 quamquam
821 1223 903 1282 fama
923 1224 1015 1302 prius,
1036 1243 1099 1302 qua

195 1297 315 1358 incerta
328 1299 361 1358 in
375 1301 472 1378 majus
492 1299 556 1361 iere
575 1302 648 1361 ferri
667 1301 774 1376 solent,
788 1313 950 1383 praecepta
964 1312 1098 1376 reserat,

195 1387 300 1438 tamen
315 1399 354 1438 ex
368 1380 540 1458 propinquo
553 1382 620 1443 visa
634 1383 784 1442 montium
805 1381 935 1442 altitudo
956 1382 1100 1461 nivesque

197 1457 283 1518 caelo
297 1478 391 1538 prope
405 1460 562 1535 inmixtae,
573 1471 654 1522 tecta
664 1461 807 1522 informia
818 1463 950 1540 inposita
964 1461 1099 1540 rupibus,

196 1559 308 1618 pecora
318 1539 517 1619 jumentaque
531 1542 648 1601 torrida
662 1542 783 1620 frigore,
792 1540 929 1601 homines
943 1541 1055 1601 intonsi
1070 1551 1101 1602 et
1115 1541 1153 1604 15

197 1619 319 1691 inculti,
343 1619 490 1680 animalia
518 1621 713 1700 inanimaque
738 1621 841 1680 omnia
864 1621 996 1700 rigentia
1019 1621 1099 1700 gelu,

198 1708 299 1760 cetera
309 1700 377 1763 visu
389 1720 480 1780 quam
492 1700 577 1760 dictu
592 1701 735 1774 foediora,
747 1710 893 1761 terrorem
905 1711 1099 1762 renovarunt.

197 1779 397 1860 Erigentibus
411 1781 443 1840 in
459 1781 572 1860 primos
593 1801 700 1860 agmen
721 1780 815 1842 clivos
836 1789 1043 1860 apparuerunt
1056 1781 1100 1840 in-

197 1861 348 1922 minentes
368 1861 502 1921 tumulos
523 1860 686 1922 insidentes
706 1861 852 1934 montani,
874 1861 936 1941 qui,
956 1860 983 1920 si
1002 1860 1099 1922 valles

197 1941 378 2002 occultiores
405 1941 592 2014 insedissent,
623 1941 718 2001 coorti
745 1940 785 2000 ad
813 1961 949 2021 pugnam
976 1949 1099 2019 repente
1114 1940 1153 2003 20

195 2021 353 2101 ingentem
380 2021 487 2101 fugam
515 2030 706 2100 stragemque
732 2019 893 2082 dedissent
935 2019 1098 2081 Hannibal

196 2102 360 2162 consistere
387 2103 474 2180 signa
498 2101 605 2181 jussit;
628 2099 787 2178 Gallisque
813 2100 853 2160 ad
878 2100 1005 2163 visenda
1031 2099 1100 2161 loca

194 2181 378 2260 praemissis,
393 2191 553 2260 postquam
570 2180 707 2259 conperit
725 2182 887 2241 transitum
902 2200 938 2240 ea
952 2200 1012 2240 non
1027 2199 1098 2253 esse,

196 2270 298 2321 castra
318 2261 399 2321 inter
423 2261 601 2340 confragosa
625 2261 728 2321 omnia
751 2269 984 2340 praeruptaque,
1006 2279 1098 2338 quam

196 2340 407 2402 extentissima
430 2349 528 2420 potest
553 2339 644 2414 valle,
669 2339 759 2401 locat
800 2339 879 2399 Tum
903 2359 955 2416 per
979 2339 1098 2398 eosdem
1112 2340 1152 2400 25

197 2418 313 2493 Gallos,
328 2420 411 2480 haud
426 2441 498 2481 sane
513 2421 645 2482 multum
660 2420 766 2500 lingua
779 2419 973 2499 moribusque
991 2419 1099 2478 abhor-

196 2502 299 2574 rentis,
315 2520 385 2560 cum
399 2521 431 2560 se
445 2501 668 2562 inmiscuissent
688 2500 855 2578 conloquiis
875 2509 1098 2572 montanorum,

196 2580 329 2654 edoctus,
339 2580 473 2640 interdiu
487 2589 606 2642 tantum
618 2580 749 2641 obsideri
762 2581 884 2653 saltum,
895 2589 983 2640 nocte
998 2579 1029 2638 in
1044 2599 1098 2638 sua

197 2679 349 2740 quemque
364 2660 461 2720 dilabi
479 2670 567 2734 tecta,
583 2661 651 2721 luce
671 2661 772 2740 prima
792 2660 886 2722 subiit
905 2659 1048 2732 tumulos,
1063 2669 1099 2720 ut

196 2759 234 2798 ex
248 2749 355 2818 aperto
369 2749 460 2818 atque
473 2739 607 2800 interdiu
622 2741 685 2801 vim
706 2761 761 2820 per
781 2740 935 2819 augustias
952 2739 1097 2799 facturus.
1113 2739 1152 2802 30

105 2866 111 2870 .
196 2819 256 2879 Die
280 2818 391 2879 deinde
414 2820 586 2880 simulando
610 2820 696 2881 aliud
717 2841 809 2900 quam
829 2820 911 2899 quod
933 2818 1099 2898 parabatur

195 2908 386 2978 consumpto,
401 2919 470 2959 cum
490 2900 595 2960 eodem
616 2921 675 2979 quo
697 2901 896 2962 constiterant
913 2899 980 2960 loco
998 2909 1098 2960 castra

196 2979 441 3052 communissent,
462 2980 517 3039 ubi
536 2981 669 3058 primum
695 2981 847 3060 degressos
868 2980 995 3040 tumulis
1016 2999 1098 3038 mon·

196 3065 285 3117 tanos
310 3057 490 3137 laxatasque
514 3060 606 3119 sensit
628 3061 789 3132 custodias,
813 3059 952 3139 pluribus
977 3059 1098 3138 ignibus

197 3156 291 3214 quam
312 3157 368 3216 pro
388 3157 513 3199 numero
533 3141 721 3200 manentium
742 3139 774 3199 in
794 3140 923 3219 speciem
942 3139 1040 3212 factis,
1054 3140 1099 3197 in·
1113 3137 1152 3199 35

197 3215 441 3295 pedimentisque
461 3238 530 3278 cum
552 3218 653 3296 equite
673 3219 787 3279 relictis
806 3228 836 3279 et
853 3239 999 3280 maxuma
1013 3228 1100 3296 parte

198 3294 348 3372 peditum,
369 3297 433 3374 ipse
452 3317 521 3356 cum
541 3298 700 3376 expeditis,
722 3299 870 3358 acerrimo
891 3317 1010 3377 quoque
1024 3298 1099 3367 viro,

199 3374 315 3451 raptim
340 3377 493 3453 angustias
517 3377 630 3446 evadit,
651 3377 748 3454 iisque
772 3376 845 3452 ipsis
867 3375 1004 3441 tumulis,
1026 3390 1100 3448 quos

199 3452 302 3513 hostes
321 3462 490 3528 tenuerant,
511 3454 654 3514 consedit.
