2572 3790
116 199 160 264 60
262 213 372 261 ¹rrrr
401 213 498 263 n1v1
527 212 583 260 aa
611 213 728 264 vans
756 213 950 264 conum

721 322 733 368 l

168 371 268 449 gissct,
282 369 411 430 eundem
424 370 510 450 regni
525 369 666 431 heredem
679 370 816 432 facturus
830 370 1010 447 videbatur3
1030 373 1071 436 ob

168 450 243 510 haec
258 450 316 528 ipsi
330 449 394 528 regi
408 450 535 526 insidiae
549 459 705 528 parantur.
747 450 799 510 Ex
813 451 987 530 pastoribus
1007 453 1070 515 duo

169 529 345 590 ferocissimi
365 528 476 589 delecti
495 529 535 589 ad
556 530 683 601 facinus,
698 529 808 609 quibus
827 531 965 592 consueti
984 543 1071 594 erant

170 618 297 687 uterque
320 609 488 687 agrestibus
512 609 712 683 ferramentis,
736 610 769 669 in
792 610 945 672 vestibulo
969 613 1072 692 regiae

95 711 96 714 ¹
136 690 261 768 dquam
289 697 414 768 potuere
440 689 729 749 tumultuosissimas
756 690 855 768 specie
878 691 965 751 rixae
985 693 1019 753 in
1038 713 1072 753 se

170 788 272 829 omnes
285 768 472 847 apparitores
485 769 582 847 regios
593 777 793 842 convertunt;
807 770 968 843 indacum
980 773 1071 832 ambo

169 868 272 928 regem
291 846 483 926 appellarent
501 849 617 909 clamor
638 867 676 910 ue
699 869 804 910 eorum
826 851 947 929 penitus
970 850 1004 910 in
1026 871 1072 912 re·

169 928 252 1006 giam
271 927 463 1006 pervenisset,
478 928 580 989 vocati
660 948 762 1007 regem
782 937 922 1008 pergunt.
965 930 1072 991 Primo

170 1015 296 1086 uterque
311 1007 471 1069 vociferari
484 1016 516 1068 et
528 1009 669 1068 certatim
683 1008 865 1069 alteralteri
880 1009 1071 1089 obstrepere3

118 1087 156 1150 10
170 1087 293 1147 coerciti
316 1085 356 1146 ab
381 1086 488 1148 lictore
509 1095 540 1148 et
559 1087 635 1166 jussi
660 1087 794 1149 invicem
818 1087 930 1149 dicere
944 1089 1071 1150 tandem

169 1165 294 1246 obloqui
318 1166 485 1240 desistunt3
506 1187 585 1227 unus
609 1187 673 1228 rem
694 1188 734 1227 ex
760 1168 916 1246 conposito
941 1169 1071 1230 orditur.

169 1245 254 1306 Dum
276 1246 410 1307 intentus
433 1246 465 1305 in
487 1265 557 1307 eum
577 1266 610 1307 se
630 1267 686 1307 rex
708 1255 789 1307 totus
810 1257 970 1321 averteret,
992 1248 1072 1309 alter

169 1327 282 1387 elatam
294 1327 424 1386 securim
438 1327 471 1386 in
485 1335 580 1406 caput
592 1327 711 1407 dejecit,
721 1326 886 1406 relictoque
899 1327 932 1387 in
943 1328 1072 1389 vulnere

169 1407 230 1468 telo
244 1405 334 1466 ambo
347 1425 378 1466 se
392 1406 473 1467 foras
486 1406 608 1466 eiciunt

117 1487 156 1548 15
209 1485 299 1546 XLL
340 1485 541 1564 Tarquinium
568 1483 784 1547 moribundum
812 1505 883 1546 cum
907 1486 961 1566 qui
988 1487 1072 1549 circa

169 1575 256 1626 erant
272 1565 469 1642 excepissent,
484 1565 553 1626 illos
574 1565 724 1644 fugientes
744 1565 866 1627 lictores
887 1568 1071 1647 conprehen-

169 1646 270 1706 dunt«
297 1644 421 1706 Clamor
435 1645 506 1705 inde
519 1665 741 1724 concursusque
754 1646 861 1725 populi
880 1647 1071 1722 mirantium,

170 1724 243 1804 quid
257 1695 300 1784 iei
314 1733 398 1785 esset.
440 1724 592 1803 Tanaquil
613 1725 692 1786 inter
712 1725 882 1786 tumultum
903 1726 1006 1788 claudi
1026 1747 1072 1788 re·

169 1805 251 1884 giam
261 1803 360 1884 jubet,
374 1804 505 1866 arbitros
519 1805 599 1877 eicit,
608 1804 701 1864 simul
711 1825 789 1884 quae
800 1805 937 1866 curando
948 1806 1072 1868 vulneri

117 1886 157 1948 20
170 1905 245 1964 opus
265 1892 345 1958 sunt,
359 1892 517 1964 tamquam
536 1904 604 1962 spes
624 1871 766 1958 subesset,
786 1884 892 1945 sedulo
913 1895 1070 1966 conparat,

169 1964 269 2038 simul,
284 1965 309 2024 si
324 1965 469 2026 destituat
482 1984 557 2042 spes,
572 1964 635 2024 alia
648 1965 800 2044 praesidia
814 1964 949 2026 molitur.

209 2043 315 2105 Servio
329 2064 456 2123 propere
470 2045 567 2104 accito
582 2064 652 2104 cum
665 2064 762 2123 paene
772 2065 958 2123 exsanguem
970 2044 1072 2106 virum

169 2125 355 2196 ostendisset,
370 2125 511 2184 dextram
528 2134 633 2183 tenens
653 2133 729 2196 orat,
744 2143 782 2183 ne
796 2123 927 2185 inultam
942 2135 1072 2186 mortem

169 2205 272 2278 soceri,
282 2224 320 2264 ne
330 2224 449 2264 socrum
461 2203 591 2264 inimicis
599 2201 734 2263 ludibrio
745 2223 807 2264 esse
816 2204 906 2266 sinat.
941 2205 1071 2266 “Tuum

117 2287 156 2347 25
170 2285 241 2358 est,''
257 2285 366 2364 inquit,
383 2288 401 2315 “
410 2283 505 2358 Servi,
516 2283 542 2343 si
556 2283 605 2345 vir
618 2303 659 2356 es,
670 2303 806 2362 regnum,
818 2304 880 2345 non
894 2305 1007 2358 corum,
1016 2285 1071 2365 qui

170 2365 278 2426 alienis
299 2363 439 2424 manibus
459 2363 622 2458 pessimum
643 2362 762 2423 facinus
783 2362 888 2424 fecere.
931 2364 1026 2443 Erige
1040 2376 1071 2426 te

170 2446 300 2524 deosque
323 2444 415 2504 duces
438 2463 570 2522 sequere,
592 2443 645 2522 qui
670 2441 788 2502 clarum
812 2443 871 2504 hoc
893 2442 957 2504 fore
977 2452 1072 2524 caput

170 2525 275 2586 divino
286 2523 439 2603 quondam
450 2522 632 2584 circumfuso
647 2522 711 2602 igni
721 2521 950 2601 portenderunt.
978 2523 1072 2585 Nunc

170 2614 200 2665 te
224 2604 281 2664 illa
305 2604 442 2666 caelestis
466 2604 580 2664 excitet
605 2603 738 2675 flamma,
758 2622 841 2663 nunc
863 2603 1072 2682 expergiscere

117 2685 156 2746 30
170 2705 249 2746 vere.
291 2684 336 2744 Et
361 2704 416 2745 nos
443 2683 595 2763 peregrini
623 2682 832 2761 regnavimus;
853 2665 983 2766 qui-fais,
1009 2703 1072 2744 non

170 2765 252 2826 unde
266 2774 355 2825 natus
373 2764 423 2838 sis,
437 2774 554 2843 reputa
595 2762 628 2823 Si
642 2771 697 2854 tua
709 2782 743 2822 re
755 2761 859 2822 subita
872 2762 999 2822 consilia
1011 2772 1072 2824 tor·

170 2856 252 2925 pent,
267 2854 299 2905 at
314 2855 348 2904 tu
362 2864 430 2904 mea
444 2844 572 2905 consilia
589 2842 740 2921 sequere”
782 2841 860 2904 Oum
882 2841 997 2903 clamor
1017 2843 1072 2903 im·

170 2935 317 3005 pctusque
338 2924 544 2984 multitudinis
563 2923 618 2984 vix
639 2922 781 2982 sustineri
802 2931 910 3001 posset,
924 2942 964 2982 ex
986 2943 1072 3002 supe·

67 3077 70 3084 ,
171 3006 249 3066 riore
276 3015 364 3085 parte
390 3005 513 3064 aedium
537 3023 592 3082 per
615 3001 760 3062 fenestras
784 3002 816 3062 in
842 3001 964 3063 Novam
988 3003 1071 3064 viam

118 3085 157 3146 35
171 3106 272 3147 versas
288 3083 465 3164 (habitabat
484 3083 566 3142 enim
586 3101 642 3141 rex
662 3081 702 3141 ad
715 3080 739 3142 J
740 3081 805 3144 ovis
818 3081 962 3155 Statoris)
977 3101 1072 3162 popu·

171 3164 236 3224 lum
250 3164 402 3243 Tanaquil
422 3162 608 3240 adloquitur.
649 3160 747 3222 Jubet
768 3161 845 3222 bono
867 3162 970 3221 animo
990 3181 1071 3223 esse:

171 3245 303 3322 sopitum
318 3244 409 3302 fuisse
423 3262 523 3320 regem
537 3241 637 3301 subito
652 3241 732 3312 ictu3
747 3241 860 3301 ferrum
872 3241 950 3302 haut
962 3240 1025 3302 alte
1039 3241 1072 3302 in

173 3343 283 3402 corpus
308 3322 510 3391 descendisse;
534 3322 600 3399 jam
625 3321 665 3379 ad
690 3340 722 3379 se
745 3321 873 3398 redisse;
902 3322 1072 3400 inspectum

173 3402 285 3463 vulnus
309 3401 428 3462 abterso
453 3418 577 3471 cruore3
598 3399 700 3459 omnia
720 3400 856 3460 salubria
876 3421 956 3474 esse;
982 3401 1089 3462 conii·-
