2628 3796
107 1244 110 1248 ·
174 1214 240 1275 lum
260 1214 391 1294 gerentis
411 1214 547 1275 intentus
566 1214 657 1287 curis,
675 1234 755 1288 cum,
770 1215 901 1296 captivis
919 1215 1079 1356 productis

118 159 185 226 200
287 173 584 226 r1r1n1v1na
610 174 726 224 varen
754 173 946 223 oonornn

170 352 281 395 nomen
304 331 345 393 ad
368 331 481 393 milites
504 351 544 392 ex
568 331 702 392 formula
722 331 913 411 accipiendos
934 332 1072 396 mittunt.

171 413 279 488 Arma,
299 413 371 485 tela,
391 412 455 472 alia
478 411 583 492 parari
602 412 713 492 jubent
729 420 764 473 ct
778 421 882 472 vetera
901 412 999 490 spolia
1019 413 1073 474 ho·

170 495 263 556 stium
290 491 457 554 detrahunt
482 491 605 572 templis
632 491 867 572 porticibusque.
908 491 952 554 Et
978 493 1075 554 aliam

170 574 301 635 formam
321 571 395 634 novi
415 571 544 633 dilectus
565 572 671 665 inopia
691 571 857 632 liberorum
878 573 1014 652 capitum
1035 593 1074 634 ac

138 653 332 716 5necessitas
351 651 454 726 dedit;
475 660 543 714 coto
564 651 651 712 milla
665 652 816 732 juvenum
837 652 1013 715 validorum
1034 673 1076 714 ex

171 734 304 798 servitiis
316 732 400 812 prius
414 732 601 794 sciscitantes
614 731 757 812 singulos,
766 730 922 794 vellentne
932 733 1077 807 militare,

172 824 276 895 empta
303 811 426 893 publice
452 821 659 874 armaverunt.
701 811 763 872 Hic
784 812 872 874 miles
891 814 990 892 magis
1011 813 1077 894 pla-

172 896 247 1034 piuit,
272 913 342 955 cum
366 892 464 974 pretio
488 893 606 954 minore
627 890 798 954 redimendi
826 893 964 974 captivos
988 894 1079 976 eopia

195 983 267 1036 eret.

120 1056 161 1118 10
213 1053 338 1116 LVIII.
379 1052 521 1132 Namque
543 1051 706 1114 Hannibal
730 1052 898 1116 secundum
921 1061 987 1116 tam
1032 1075 1079 1116 ro·

173 1155 292 1214 speram
308 1134 349 1195 ad
364 1132 485 1196 Cannae
498 1153 635 1214 pugnam
650 1135 774 1198 victoris
794 1135 892 1214 magis
906 1155 999 1214 quam
1009 1073 1079 1195 bel-

173 1295 408 1374 segregatisque,
418 1294 522 1366 socios,
533 1293 613 1356 sicut
627 1303 699 1355 ante
711 1295 751 1355 ad
766 1295 908 1356 Trebiam
946 1314 1080 1356 resume-

174 1394 310 1454 numque
329 1373 441 1447 lacum,
456 1373 586 1454 benigne
607 1373 767 1435 adlocutus
786 1376 852 1435 sine
872 1375 970 1455 pretio
989 1375 1080 1436 dimi-

121 1455 161 1520 15
174 1455 270 1528 sisset,
284 1454 439 1514 Romanos
452 1474 572 1533 quoque
581 1462 714 1526 vocatos,
724 1454 806 1533 quod
818 1475 987 1534 numquam
1001 1455 1080 1518 alias

174 1543 275 1608 antea,
293 1535 366 1596 satis
386 1533 454 1594 miti
473 1553 611 1595 sermone
630 1533 683 1595 adl
723 1533 825 1595 uitur:
846 1539 926 1595 ‘non
947 1536 1079 1597 interne-

175 1615 279 1677 civum
298 1614 358 1675 sibi
378 1633 442 1674 esse
461 1633 532 1675 cum
552 1613 701 1676 Romanis
741 1614 854 1687 ellum;
875 1615 914 1676 de
927 1615 1081 1695 dignitate

175 1704 269 1775 atque
287 1694 415 1774 imperio
436 1703 561 1756 certare.
602 1693 647 1756 Et
665 1703 769 1774 patres
788 1695 898 1758 virtuti
920 1695 1081 1758 Romanae

176 1776 297 1836 cessisse
309 1783 339 1836 et
352 1795 386 1836 se
398 1773 431 1834 id
446 1774 554 1848 adniti,
569 1782 604 1836 ut
617 1795 690 1836 suae
703 1775 738 1835 in
751 1775 850 1838 vicem
870 1776 963 1836 simul
982 1776 1079 1837 felici-

121 1857 163 1920 20
175 1856 234 1917 tati
247 1863 279 1916 et
291 1854 402 1918 virtuti
415 1855 549 1916 cedatur.
591 1855 701 1935 Itaque
717 1856 889 1916 redimendi
901 1876 933 1916 se
947 1856 1081 1936 captivis

176 1936 296 2016 copiam
317 1935 436 2008 facere;
456 1935 590 2015 pretinm
604 1934 669 1996 fore
682 1936 715 1995 in
730 1937 833 2015 capita
846 1937 942 2016 equiti
954 1937 1081 2016 quinge-

175 2037 231 2077 nos
251 2015 449 2096 quadrigatos
468 2035 617 2089 nummos,
631 2024 769 2077 trecenos
784 2016 891 2096 pediti,
904 2037 992 2079 servo
1012 2038 1081 2078 cen-

178 2096 282 2158 tenos!
332 2093 528 2174 Quamquam
557 2095 751 2175 aliquantum
778 2096 971 2157 adiciebatur
995 2097 1081 2177 equi·

176 2176 258 2238 tibus
272 2176 313 2236 ad
326 2175 359 2236 id
371 2177 514 2256 pretium,
527 2196 588 2256 quo
600 2177 781 2256 pepigerant
793 2175 937 2238 dedentes
949 2197 990 2250 se,
1003 2177 1081 2240 laeti

122 2259 164 2322 25
177 2265 280 2319 tamen
297 2275 521 2336 quamcumque
534 2256 743 2318 condicionem
763 2256 937 2336 paciscendi
956 2276 1081 2337 accepe-

176 2345 259 2398 runt
300 2336 424 2399 Placuit
446 2337 592 2417 suffragio
615 2337 751 2416 ipsorum
773 2336 880 2398 decem
899 2337 1003 2416 deligi,
1025 2338 1081 2417 qui
1127 2367 1138 2385 ·

178 2418 308 2479 Romam
336 2417 376 2477 ad
403 2425 542 2478 senatum
570 2417 660 2490 irent,
684 2437 741 2478 nee
763 2417 876 2497 pignus
899 2417 986 2480 aliud
1005 2417 1082 2480 fidei

177 2518 270 2577 quam
294 2505 330 2558 ut
351 2497 493 2576 jurarent
518 2517 551 2558 se
578 2496 729 2559 redituros
756 2506 924 2577 acceptum.
965 2497 1081 2561 Missus

177 2598 249 2638 cum
275 2577 324 2636 his
351 2575 509 2651 Carthalo,
531 2576 645 2638 nobilis
671 2577 943 2657 Carthaginiensis,
963 2579 1027 2657 qui,
1052 2579 1082 2639 si

123 2659 165 2723 30
177 2658 256 2718 forte
268 2656 309 2716 ad
322 2675 429 2735 pacem
443 2657 608 2720 inclinaret
620 2657 749 2732 animus,
763 2657 956 2719 condiciones
976 2658 1080 2720 ferret.

119 2786 125 2800 .
177 2736 257 2798 Cum
277 2736 387 2815 egressi
407 2738 514 2798 castris
534 2746 641 2810 essent,
655 2757 734 2798 unus
753 2758 794 2798 ex
813 2738 860 2812 iis,
874 2738 1001 2798 minime
1018 2738 1082 2799 Ro·

176 2817 263 2877 mani
272 2817 377 2897 ingeni
387 2816 487 2891 homo,
497 2817 594 2880 veluti
603 2817 723 2897 aliquid
734 2816 857 2892 oblitus,
862 2818 943 2898 juris
951 2818 1082 2898 jurandi

177 2896 317 2960 solvendi
337 2915 429 2958 causa
449 2916 520 2958 cum
538 2897 573 2958 in
593 2906 694 2958 castra
712 2897 848 2972 redisset,
866 2907 939 2960 ante
957 2907 1082 2962 noctem

178 2977 303 3039 comites
329 2976 515 3056 adsequitur.
557 2976 622 3039 Ubi
645 2977 778 3038 Romam
800 2979 906 3041 venire
928 2998 979 3041 eos
1001 2997 1082 3059 nun-

122 3061 164 3124 35
178 3058 290 3120 tiatum
303 3065 356 3130 est,
371 3056 552 3119 Carthaloni
568 3057 691 3119 obviam
711 3057 802 3118 lictor
819 3059 936 3133 missus,
949 3059 1003 3139 qui
1017 3059 1082 3121 die·

176 3139 283 3200 tatoris
307 3136 407 3199 verbis
429 3138 595 3213 nuntiaret,
616 3145 652 3200 ut
678 3146 750 3199 ante
775 3147 895 3201 noctem
918 3139 1083 3202 excederet

175 3219 288 3280 finibus
308 3216 464 3278 Romanis.
709 3245 711 3250 ·

217 3296 307 3358 LIX.
347 3295 473 3374 Legatis
497 3297 689 3390 captivorum
716 3305 838 3360 senatus
864 3298 904 3360 ab
928 3297 1081 3362 dictatore

177 3375 267 3438 datus
285 3382 339 3452 est,
353 3394 482 3456 quorum
501 3396 642 3458 princeps
661 3377 706 3442 Μ.
727 3378 840 3464 lunius
861 3382 989 3462 “patres
1009 3401 1081 3444 eun-
