2572 3790
523 259 656 308 urana
681 260 707 327 1,
733 243 787 308 44.
1114 245 1158 311 63

201 415 336 477 civitatis
349 424 434 477 esset.
476 415 603 496 Equites
613 417 693 478 enim
702 415 893 479 vocabantur
902 415 1011 497 primi;
1026 423 1106 478 octo

201 496 289 575 ginta
302 495 376 556 inde
389 495 506 575 primae
520 496 622 557 classis
636 497 791 559 centuriae
803 497 951 577 [primum
1005 497 1104 558 ditum

202 574 427 652 vocabantur];
448 575 492 635 ibi
511 576 537 636 si
552 577 694 651 variaret,
708 577 789 658 quod
804 597 873 637 raro
892 577 953 637 inci
976 576 1056 650 ebat,
1069 587 1106 638 ut

202 654 353 716 secundae
373 654 476 716 classis
489 665 681 730 vocarentur,
697 675 753 718 nco
773 655 837 716 fere
857 675 1003 735 umquam
1023 657 1106 718 infra

201 734 247 794 ita
274 734 498 808 descenderent,
522 744 558 796 ut
584 735 626 796 ad
649 737 768 798 infimos
796 735 998 816 pervenirent
1039 735 1105 798 Nec
1139 736 1160 797 δ

202 814 310 874 mirari
324 823 452 894 oportet,
467 814 550 875 hunc
563 815 710 890 ordinem,
746 815 779 877 ui
798 835 882 878 nunc
902 825 949 878 est
968 824 1036 896 post
1054 836 1106 877 ex·

204 894 301 970 pletas
325 895 469 988 quinque·
484 903 516 955 et
538 895 666 975 triginta
690 837 797 970 tribus,
820 896 978 977 duplicato
1001 915 1106 957 earum

204 994 332 1035 numero
353 974 497 1035 centuriis
513 975 671 1054 juniorum
693 977 915 1057 seniorumque,
929 977 970 1037 ad
988 975 1108 1037 institu-

204 1063 268 1113 tam
283 1053 324 1115 ab
337 1053 444 1116 Servio
458 1053 560 1116 Tullio
578 1075 729 1117 summam
743 1076 805 1117 non
819 1057 989 1119 convenire.
1024 1055 1108 1134 Qua·

204 1133 365 1194 drifariam
385 1134 466 1194 enim
486 1134 562 1196 urbe
582 1134 682 1197 divisa
707 1136 881 1218 regionibus
908 1135 1162 1216 collibusque,10

205 1213 259 1292 qui
287 1213 516 1288 habitabantur,
540 1223 642 1294 partes
670 1237 720 1279 eas
746 1217 846 1280 tribus
872 1216 1050 1297 appellavit,
1072 1224 1108 1277 ut

205 1313 261 1372 ego
280 1293 422 1367 arbitror,
436 1315 455 1355 a
468 1294 601 1369 tributo;
622 1317 695 1358 nam
715 1298 780 1378 ejus
800 1316 920 1377 quoque
939 1295 1108 1376 aequaliter

205 1393 246 1433 ex
266 1393 358 1435 ceusu
378 1375 554 1435 conferendi
568 1376 608 1438 ab
622 1379 728 1439 codem
742 1378 821 1439 inita
834 1377 914 1437 ratio
927 1385 989 1448 est;
1010 1395 1107 1455 nequo

206 1473 260 1514 eae
274 1453 372 1514 tribus
387 1454 427 1514 ad
442 1456 650 1518 centuriarum
670 1457 915 1520 distributionem
935 1475 1107 1516 numerum·

206 1553 265 1613 que
300 1535 443 1614 uioquam
456 1537 637 1616 pertinuere.
1122 1536 1162 1598 15

246 1614 280 1675 X
329 1613 369 1676 V.
411 1615 511 1678 Censu
531 1619 672 1698 perfecto,
686 1637 775 1698 quem
796 1621 1005 1678 maturaverat
1024 1624 1108 1676 metu

207 1699 282 1780 legis
295 1699 334 1760 dc
347 1699 477 1762 incensis
492 1699 573 1760 latae
587 1718 657 1759 cum
671 1697 865 1762 vinculorum
879 1695 971 1756 minis
991 1696 1108 1756 mortis

207 1801 274 1860 que,
288 1780 396 1855 edixit,
410 1789 446 1842 ut
467 1799 570 1840 omnes
591 1779 672 1842 cives
693 1777 865 1850 Romani,e
887 1776 1108 1870 uitesupediutes·

207 1881 274 1940 que,
285 1861 317 1922 in
332 1861 394 1922 suis
408 1861 535 1941 quisque
550 1859 702 1932 centuriis,
712 1859 744 1918 in
758 1877 865 1938 campo
965 1875 994 1918 ro
1007 1876 1108 1936 prima

206 1941 275 2002 luco
302 1942 449 2004 adessent.
502 1941 553 2003 Ibi
580 1940 763 2000 instructum
791 1937 960 1998 exercitum
986 1955 1107 1997 omnem
1121 1936 1161 1998 20

206 2022 463 2085 suovetaurilibus
491 2021 645 2093 lustravit,
672 2019 765 2098 idque
791 2017 948 2078 conditum
975 2015 1107 2077 lustrum

205 2102 406 2182 appellatum,
420 2102 493 2183 quia
508 2103 535 2164 is
555 2100 704 2162 censendo
723 2098 790 2159 linis
810 2097 910 2158 factus
923 2104 976 2157 est
1017 2095 1108 2188 Milia

206 2183 362 2262 octoginta
384 2203 420 2244 co
447 2183 544 2244 lustro
571 2181 687 2244 civium
715 2199 804 2240 censa
830 2177 992 2248 dicuntur3
1012 2175 1108 2236 adicit

204 2263 389 2342 scriptorum
409 2262 636 2342 antiquissimus
658 2259 774 2321 Fabius
795 2258 908 2330 Pictor,
927 2275 1040 2329 corum,
1054 2254 1108 2335 qui

206 2362 293 2403 arma
307 2343 385 2404 ferre
398 2353 527 2423 possent,
541 2363 611 2404 curn
624 2359 786 2403 numerum
799 2338 900 2398 fuisse.
977 2415 984 2428 '
1121 2336 1160 2398 25

247 2421 300 2484 Ad
321 2443 388 2484 eam
408 2423 638 2485 multitudinem
659 2420 732 2482 urbs
752 2437 871 2499 quoque
891 2413 1108 2509 amplificanda

205 2502 274 2565 visa
287 2511 341 2564 est
382 2501 483 2564 Addit
496 2503 572 2565 duos
585 2502 685 2575 colles,
702 2498 895 2579 Quirinalem
905 2495 1107 2588 Vrminalem-

207 2603 284 2662 que;
305 2582 378 2643 inde
397 2582 538 2663 deinceps
559 2593 651 2664 auget
736 2580 836 2653 uilias,
857 2576 960 2656 ibique
980 2595 1052 2656 ipse,
1072 2584 1109 2636 ut

165 2687 167 2690 ·
207 2661 274 2723 loco
289 2662 422 2741 dignitas
436 2663 668 2736 fierethabitat.
743 2679 833 2742 ggere
844 2666 874 2720 et
884 2657 969 2717 fossis
979 2665 1010 2716 et
1020 2676 1107 2717 muro

207 2742 379 2804 circumdat
388 2742 510 2816 urbem3
524 2744 570 2805 ita
579 2742 748 2823 pomerium
758 2740 881 2821 profert.
923 2735 1106 2810 Pomerium,
1121 2738 1162 2800 30

207 2821 295 2883 verbi
308 2823 372 2884 vim
385 2822 480 2884 solam
495 2825 657 2897 intuentes,
671 2821 887 2903 postmoerium
908 2816 1108 2895 interpretan-

207 2911 260 2962 tur
273 2922 351 2974 esse;
372 2911 417 2963 cst
430 2911 532 2964 autem
546 2904 644 2984 magis
658 2901 897 2972 circamoerium,
912 2895 1005 2969 locus,
1016 2915 1107 2974 quem

207 2982 241 3041 in
261 2982 425 3044 condendis
445 2983 573 3045 urbibus
594 2984 748 3063 quondam
762 2980 897 3054 Etrusci,
911 2996 972 3057 qua
986 2994 1108 3036 murum

207 3061 331 3123 ducturi
344 3072 441 3137 crant,
456 3065 545 3125 certis
559 3064 642 3125 circa
655 3062 792 3124 terminis
806 3061 990 3139 inaugurato
1008 3075 1108 3148 conse·

207 3140 345 3215 orabant,
359 3151 395 3203 ut
408 3163 506 3223 neque
524 3144 667 3205 interiore
687 3151 775 3222 parte
795 3139 934 3200 aedificia
951 3134 1108 3197 moembus
1121 3137 1161 3198 35

208 3222 469 3297 continuarentur,
488 3244 567 3303 quae
586 3244 668 3284 nunc
681 3221 734 3285 vul
758 3243 776 3283 o
796 3220 887 3281 etiam
908 3219 1108 3297 conjungunt,

207 3310 239 3362 et
258 3302 445 3363 extrinsecus
466 3303 536 3382 puri
556 3302 674 3382 aliquid
688 3243 875 3362 ablrumano
890 3297 977 3358 cultu
991 3302 1109 3385 pateret

208 3381 275 3442 soli.
315 3381 386 3442 Hoc
399 3383 543 3461 spatium,
557 3382 638 3461 quod
653 3400 750 3459 neque
763 3377 899 3438 habitari
913 3393 1011 3451 neque
1025 3390 1107 3430 arari

208 3459 255 3520 fas
278 3469 353 3534 crat,
371 3481 434 3522 non
456 3462 555 3541 magis
576 3460 658 3539 quod
681 3467 751 3538 post
773 3473 896 3516 murum
919 3457 995 3512 esset
1016 3465 1110 3524 quam
