2572 3790
129 209 172 275 74
295 228 385 275 τιτι
410 228 507 276 u1v1
532 227 589 276 aa
614 227 732 278 vaan
760 227 954 276 counrrs

181 383 437 524 quandoquidem,
451 393 487 445 ut
506 383 609 445 omnia
629 404 708 445 uuus
729 382 837 445 Gabiis
858 391 967 464 posset,
987 383 1016 446 ei
1039 385 1085 446 dii

203 463 342 524 edissent
383 463 468 524 Huic
494 465 613 538 nuntio,
636 465 719 543 quia,
744 465 844 535 credo,
870 463 984 524 dubiae
1011 464 1085 526 fidei

180 543 352 616 videbatur,
372 543 452 603 nihil
472 563 548 606 voce
567 563 743 624 responsum
763 553 826 617 est;
850 563 907 604 rex
927 543 1015 606 velut
1035 545 1085 605 de-

181 623 400 684 liberabundus
427 622 461 683 in
487 623 611 684 hortum
645 623 769 684 aedium
796 623 916 696 transit,
944 625 1085 704 sequenti

148 703 289 764 bnuntio
316 703 390 775 filii3
418 702 463 763 ibi
489 702 684 764 inambulans
710 703 823 764 tacitus
850 723 971 764 summa
992 724 1086 782 papa·

181 803 289 845 verum
316 783 419 863 capita
444 779 559 843 dicitur
585 781 696 844 baculo
723 783 895 844 decussisse.
950 781 1085 845 interro

181 863 282 942 gando
302 861 564 942 exametandoque
584 882 761 942 responsum
782 863 909 924 nuntius
930 862 1034 936 fessus,
1049 873 1087 924 ut

182 963 215 1003 re
234 943 410 1021 inperfecta,
424 941 504 1002 redit
522 940 653 1014 Gabios;
675 962 753 1023 quae
773 942 889 1004 dixerit
908 942 974 1022 ipse
994 963 1086 1021 quae-
1132 972 1135 978 ·

182 1042 241 1100 que
261 1021 382 1095 viderit,
403 1021 510 1083 refert:
535 1041 587 1083 seu
615 1023 663 1084 ira
688 1043 741 1083 seu
769 1022 840 1084 odio
863 1042 917 1083 seu
940 1023 1087 1101 superbia

130 1101 169 1163 10
183 1102 275 1162 insita
297 1101 419 1180 ingenio
442 1101 563 1163 nullam
586 1121 657 1162 eum
680 1122 785 1164 vocem
807 1103 949 1163 emisisse.
990 1101 1086 1164 Sexto

184 1181 246 1255 ubi,
260 1181 335 1260 quid
358 1181 453 1244 vellet
476 1201 586 1275 parens
610 1181 745 1262 quidque
768 1182 958 1275 praeciperet
981 1183 1087 1244 tacitis

182 1260 372 1340 ambagibus.
399 1270 508 1340 patuit,
542 1262 690 1342 primores
723 1262 858 1325 civrtatis
892 1262 1087 1324 criminando

182 1341 258 1402 alios
282 1341 364 1420 apud
388 1341 544 1421 populum,
558 1341 634 1403 alios
657 1363 713 1403 sua
736 1341 815 1422 ipsos
836 1342 957 1404 invidia
977 1363 1017 1422 op
1059 1363 1087 1402 r-

182 1431 271 1483 tunos
295 1421 457 1483 interemit.
499 1421 594 1482 Multi
618 1421 731 1502 palam,
748 1423 893 1562 1quidam,
916 1423 949 1482 in
972 1442 1026 1501 qm
1049 1443 1087 1484 us

130 1500 169 1562 15
183 1502 319 1562 minuas
358 1502 439 1562 ciosa
461 1501 635 1563 criminatio
658 1513 725 1563 erat
763 1511 863 1575 utura,
888 1501 969 1564 clam
993 1504 1087 1564 inter-

182 1583 262 1645 fecti.
340 1582 420 1643 atuit
447 1581 630 1662 quibusdam
656 1582 830 1644 volentibus
857 1582 942 1662 fuga,
969 1592 1025 1644 aut
1051 1584 1087 1644 in

182 1663 308 1722 exilium
334 1663 395 1723 acti
419 1671 499 1737 sunt,
521 1662 693 1725 absentium
716 1683 754 1724 ue
777 1663 859 1725 bona
877 1665 972 1744 juxta
992 1673 1087 1743 atque

182 1744 433 1823 interemptorum
444 1743 557 1806 divisui
571 1745 665 1806 fuere
755 1745 900 1826 rgitiones
913 1745 986 1808 inde
999 1765 1086 1827 prae·

182 1824 315 1904 daeque;
336 1834 367 1885 et
380 1824 542 1886 dulcedine
562 1825 676 1905 privati
695 1825 846 1888 commodi
866 1847 971 1888 sensus
991 1826 1086 1888 malo

129 1903 168 1966 20
182 1925 250 1964 rum
286 1905 457 1966 ublicorum
476 1905 581 1976 adimi,
595 1906 691 1967 donec
712 1906 788 1967 orba
807 1906 934 1967 consilio
955 1907 1087 1968 auxilio-

181 2005 241 2064 que
308 1986 383 2047 bina
403 2007 450 2046 res
472 1987 536 2066 regi
560 1986 700 2048 Romano
721 1987 787 2047 sine
802 1986 871 2047 ulla
886 1987 1086 2049 dimicatione

181 2065 214 2125 in
228 2085 352 2126 manum
366 2066 507 2127 traditur.

221 2145 291 2207 LV.
345 2144 454 2208 Gabiis
487 2147 625 2228 receptis,
653 2146 839 2227 Tarquinius
871 2167 979 2227 pacem
1013 2167 1086 2208 cum

181 2225 360 2306 Aequorum
372 2235 462 2306 gente
475 2227 557 2298 fecit,
571 2227 677 2288 foedus
698 2248 768 2289 cum
787 2228 893 2289 Tuscis
913 2229 1084 2290 renovavit

128 2307 167 2369 25
182 2307 312 2368 Indead
326 2307 449 2386 negotia
464 2306 584 2367 urbana
604 2307 741 2368 animum
762 2307 931 2381 convertit;
973 2327 1086 2370 uorum

181 2396 247 2449 erat
270 2388 412 2467 primum,
435 2395 471 2447 ut
493 2386 582 2449 Jovis
603 2387 754 2466 templum
775 2388 807 2448 in
830 2397 933 2448 monte
953 2328 999 2448 ia
1055 2389 1086 2449 io

181 2476 410 2528 monumentum
424 2487 457 2527 re
500 2467 511 2527 i
524 2467 572 2528 sui
586 2468 778 2548 nominisque
791 2467 993 2548 relinqueret:
1036 2488 1085 2528 ar-

180 2548 299 2626 quinios
313 2567 396 2626 reges
410 2566 459 2607 am
482 2567 524 2622 os,
534 2555 653 2626 patrem
663 2549 790 2620 vovisse,
801 2548 900 2608 filium
913 2547 1084 2628 perfecisse

181 2627 224 2688 Et
247 2637 283 2688 ut
304 2627 403 2688 libera
427 2646 446 2686 a
469 2627 577 2688 ceteris
599 2627 799 2706 religionibus
822 2648 894 2688 area
918 2636 996 2689 esset
1017 2637 1085 2690 tota

128 2709 168 2772 30
180 2708 269 2771 Jovis
290 2707 456 2786 templique
476 2707 548 2786 ejus,
569 2707 651 2787 quod
671 2708 927 2780 inaedificaretua
948 2728 1085 2788 exaugu-

181 2809 249 2849 rare
263 2789 335 2849 faua
355 2787 527 2881 sacellaque
546 2788 663 2861 statuit,
677 2808 756 2867 quae
769 2788 888 2868 aliquot
901 2787 945 2848 ibi
959 2807 979 2849 a
993 2787 1085 2850 Tatio

181 2890 251 2949 rege
271 2869 405 2948 primum
424 2867 458 2927 in
478 2887 544 2947 1pso
565 2867 740 2928 discrimine
753 2868 899 2929 adversus
914 2867 1084 2928 Romulum

180 2970 302 3030 pugnae
323 2957 405 3022 vota,
428 2957 601 3009 consecrata
624 2947 869 3027 inaugurataque
891 2956 996 3026 postea
1018 2947 1082 3009 fue·

180 3041 258 3092 rant.
300 3030 386 3090 Inter
399 3027 552 3108 principia
566 3027 716 3088 condendi
730 3027 821 3108 hujus
837 3028 937 3106 operis
953 3029 1084 3088 movisse

128 3113 167 3173 35
181 3130 293 3170 numen
307 3109 347 3170 ad
362 3107 558 3168 indicandam
578 3107 658 3166 tanti
678 3108 799 3186 imperii
818 3107 929 3168 molem
947 3107 1084 3168 traditur

180 3191 268 3260 deos;
290 3208 361 3247 uam
382 3206 451 3246 cum
472 3187 609 3246 omnium
628 3185 809 3246 sacellorum
825 3187 1083 3266 exaugurationes

181 3267 377 3325 admitterent
403 3283 483 3335 aves,
507 3264 540 3323 in
564 3263 699 3323 Termini
727 3265 799 3326 fano
826 3287 887 3326 non
915 3265 1082 3339 addixere;

181 3345 274 3421 idque
301 3361 389 3402 omen
419 3342 643 3422 auguriumque
671 3343 716 3404 ita
747 3354 908 3425 acceptum
936 3353 990 3421 est,
1017 3365 1081 3406 non
1173 3413 1177 3422 ¹
