2572 3790
518 271 652 320 nrnnn
676 271 702 337 1,
730 253 784 320 27.
1111 253 1155 321 45

198 429 282 492 niam
303 435 388 491 meta
407 427 535 491 consilia
555 427 632 490 haut
651 427 729 490 bene
748 435 922 503 evenerant,
958 427 1040 492 ravis
1057 447 1102 490 re·

198 510 366 574 conciliare
433 508 586 590 pularium
621 509 739 570 animos
773 508 882 589 coepit.
936 449 1039 589 lgitnr
1066 517 1102 570 ut

199 591 284 671 prius
304 591 338 650 in
358 588 440 650 belo
460 608 575 668 pacem,
594 590 638 649 sic
658 589 692 649 in
712 609 789 728 paee
809 587 924 649 bellum
944 609 1101 670 quaerens,

200 671 274 752 quia
287 689 361 730 suae
374 669 495 732 civitati
508 669 681 729 animorum
692 689 713 750 p
727 689 763 729 us
774 689 866 748 quam
874 668 987 730 virium
1001 689 1102 731 cerne-

199 749 256 811 bat
269 769 340 822 esse,
354 749 396 809 ad
408 747 525 810 bellum
561 748 642 808 alam
657 757 750 828 atque
764 768 803 809 ex
817 747 918 810 edicto
930 749 1102 830 gerundum
1136 745 1156 808 5

201 829 277 891 alios
305 827 440 890 concitat
463 849 524 909 pop
559 848 600 903 os,
623 828 685 889 suis
713 848 767 908 per
793 828 924 907 speciem
950 829 1102 891 societatis

223 909 403 970 roditionem
428 917 571 970 reservat.
613 907 786 982 Fidenates,
810 907 930 968 colonis
953 907 1102 982 Romana,

200 930 385 1052 l'eientibus
395 989 484 1049 sociis
495 988 615 1049 consilii
625 987 804 1069 adsumptis,
815 997 904 1068 pacto
915 987 1103 1050 transitionis

202 1067 396 1131 Albanorum
410 1067 450 1128 cd
463 1067 577 1129 bellurn
592 1077 684 1148 atque
698 1088 784 1128 arma
797 1068 973 1130 incitantur.

243 1147 322 1209 Cum
350 1147 487 1209 Fidenae
514 1157 619 1229 aperte
646 1147 817 1222 descissent,
845 1146 964 1222 Tullus,
992 1147 1104 1210 Mettio
1118 1146 1180 1228 10,

203 1229 400 1308 exercituque
413 1228 477 1308 ejus
491 1228 531 1288 ab
545 1227 631 1290 Alba
652 1227 759 1302 accito,
774 1235 881 1290 contra
895 1228 995 1290 hostes
1008 1228 1103 1290 ducit

203 1308 270 1372 Ubi
283 1307 435 1368 Anienem
455 1308 587 1381 transiit,
601 1307 641 1368 ad
656 1307 836 1369 confluentis
851 1308 981 1370 collocat
994 1316 1103 1370 castra.

204 1388 291 1452 Inter
317 1407 386 1449 eum
413 1387 516 1448 locum
543 1395 575 1448 et
601 1387 734 1448 Fidenas
754 1386 932 1450 Veientium
953 1387 1104 1449 exercitus

204 1467 340 1530 Tiberim
367 1469 538 1530 transierat.
586 1465 632 1528 Hi
660 1476 691 1528 et
717 1468 752 1528 in
778 1468 844 1528 acie
870 1488 965 1548 prope
991 1467 1105 1528 flumen
1150 1513 1156 1527 .

205 1556 330 1609 tenuere
343 1547 483 1608 dextrum
494 1567 607 1619 cornu;
621 1547 655 1608 in
667 1547 790 1608 sinistro
803 1547 968 1608 Fidenates
1004 1546 1105 1628 ropins
1120 1544 1160 1606 15

205 1637 322 1689 montes
333 1629 509 1689 consistunt.
544 1627 653 1688 'lullus
663 1627 808 1689 adversus
816 1567 1105 1689 Veientembostem

206 1707 318 1788 derigit
340 1727 426 1780 suos;
451 1706 590 1768 Albanos
611 1716 719 1768 eontra
738 1707 887 1786 legionem
908 1705 1106 1768 Fidenatium

207 1788 355 1849 conlocat.
396 1786 521 1848 Albano
542 1807 604 1848 non
625 1785 695 1867 plus
716 1787 811 1848 animi
832 1795 898 1847 erat
915 1807 1007 1867 quarn
1025 1787 1105 1849 fidei.

206 1865 239 1930 N
240 1887 274 1930 ec
286 1887 409 1929 manere
422 1888 493 1947 ergo
508 1887 564 1929 neo
577 1867 707 1928 transire
720 1876 825 1947 aperte
838 1887 928 1928 ausus
941 1867 1052 1928 sensim
1065 1867 1106 1928 ad

206 1957 323 2009 montes
336 1948 488 2020 succedit3
510 1947 591 2020 inde,
601 1946 656 2007 ubi
669 1947 742 2008 satis
754 1945 868 2007 subisse
881 1967 944 2008 sese
954 1955 1038 2008 ratus
1052 1955 1107 2022 est,
1121 1947 1161 2008 20

207 2028 299 2108 erigit
321 2035 418 2089 totam
439 2027 547 2101 aciem,
567 2027 777 2107 fluctuansque
805 2027 917 2100 animo,
938 2034 974 2088 ut
996 2035 1107 2088 tereret

207 2116 335 2188 tempus,
355 2106 476 2168 ordines
495 2105 641 2188 explicat.
683 2105 852 2168 Consilium
872 2115 947 2180 erat,
966 2127 1028 2187 qua
1047 2107 1107 2167 for·

208 2196 286 2249 tuna
298 2207 362 2248 rem
377 2187 474 2262 daret,
489 2207 525 2248 ea
543 2186 693 2248 inclinare
705 2187 794 2249 vires.
835 2185 988 2247 Miraculo
1030 2186 1107 2248 rimo

207 2287 271 2328 esse
284 2267 440 2340 Romanis,
448 2267 502 2346 qui
515 2267 659 2346 proxumi
671 2273 826 2340 steterant,
838 2276 873 2328 ut
885 2266 997 2327 nudari
1007 2207 1109 2328 latera

207 2367 264 2409 sua
282 2347 433 2408 sociorum
453 2346 590 2428 digressu
610 2355 784 2420 senserunt3
812 2347 884 2407 inde
903 2366 993 2426 eques
1013 2347 1108 2408 citato
1121 2345 1162 2407 25

208 2448 285 2508 equo
298 2427 423 2488 nuntiat
436 2429 510 2506 regi,
524 2425 610 2488 abire
623 2427 771 2488 Albanos.
813 2426 922 2488 Tullus
942 2427 975 2486 in
995 2446 1029 2486 re
1048 2434 1108 2487 tre-

208 2507 283 2588 pida
302 2507 462 2568 duodecim
475 2507 563 2569 vovit
582 2506 689 2581 Salios,
703 2507 836 2586 fanaque
856 2505 972 2567 Pallori
993 2527 1030 2568 ac
1051 2505 1109 2567 Pa·

208 2588 284 2650 vori.
325 2586 471 2666 Equitem
485 2586 571 2648 clara
584 2587 744 2667 increpans
757 2607 842 2661 voce,
855 2594 892 2647 ut
903 2587 1004 2649 hostes
1017 2607 1109 2649 exau·

209 2668 319 2742 dirent,
337 2667 438 2728 redire
458 2667 490 2727 in
510 2667 660 2748 proelium
672 2667 785 2807 (q‘ubet3
805 2666 885 2727 nihil
905 2668 1109 2748 trepidatione

208 2768 283 2828 opus
297 2767 376 2820 esse;
390 2767 446 2808 suo
453 2747 541 2828 jussu
555 2748 670 2808 circum
694 2748 743 2807 uci
756 2747 917 2807 Albanum
931 2748 1108 2823 exercitum,
1122 2748 1162 2810 30

194 2836 244 2888 'ut
262 2826 462 2888 Fidenatium
482 2827 566 2888 nuda
586 2836 673 2907 terga
693 2826 860 2900 invadant3
881 2827 955 2888 item
969 2828 1108 2908 imperat,

209 2916 244 2968 ut
257 2907 360 2969 hastas
373 2907 490 2986 equites
504 2907 661 2986 erigerent.
702 2906 741 2968 Id
755 2906 871 2967 factum
885 2926 1014 2986 magnae
1049 2909 1108 2968 arti

209 2987 347 3067 peditum
374 2987 583 3048 Romanorum
610 2995 805 3066 conspectum
828 2987 970 3047 abeuntis
990 2986 1021 3046 A
1056 2987 1108 3047 ani

209 3067 360 3128 exercitus
378 3067 587 3147 intersaepsit3
608 3068 662 3146 qui
675 3066 828 3140 viderant,
841 3065 875 3126 id
889 3065 971 3147 quod
985 3065 1025 3127 ab
1039 3086 1110 3148 rege

209 3146 350 3207 auditum
363 3156 429 3208 erat
443 3147 513 3220 rati,
526 3166 562 3208 eo
575 3148 674 3208 acrius
688 3155 836 3228 pugnant.
1124 3147 1163 3208 35

250 3225 361 3287 Terror
374 3226 414 3286 ad
428 3226 527 3288 hostes
541 3227 667 3288 transit:
689 3235 721 3288 et
740 3227 925 3290 audiverant
938 3226 1022 3288 clara
1035 3247 1110 3289 voce

209 3305 336 3380 dictum,
356 3314 388 3366 et
415 3326 528 3384 magna
554 3327 625 3386 pars
651 3297 859 3378 Fidenatium,
880 3308 989 3440 utqui
1010 3307 1110 3366 coloni

209 3385 310 3448 additi
331 3386 479 3447 Romanis
499 3395 606 3458 essent,
620 3385 734 3445 Latine
752 3382 898 3444 sciebant.
958 3392 1058 3458 taque,
1072 3401 1111 3440 ne

209 3464 313 3528 subito
340 3486 380 3526 ex
407 3464 537 3527 collibus
564 3465 693 3525 decursu
715 3462 908 3523 Albanorum
930 3457 1111 3518 interclude
