2616 3790
450 246 583 293 arasa
610 247 701 313 ΠΙ,
727 230 857 296 40-41.
1086 231 1150 298 na

200 402 343 483 Equestri
372 403 494 482 proelio,
522 422 584 484 qua
616 412 704 483 parte
737 404 894 484 copiarum
921 403 1097 466 conserendi

200 502 326 544 manum
353 482 477 544 fortuna
503 482 578 545 data
608 492 661 556 est,
688 483 805 545 hostem
838 484 905 545 fudi
916 505 925 559 ;
958 484 1097 564 peditum

200 582 320 641 agmen,
334 562 416 642 quud
430 562 464 622 in
477 563 601 624 modum
615 562 799 642 fugientium
812 564 926 644 raptim
939 563 1097 643 agebatur,

200 643 273 722 quia
292 642 419 722 adsequi
439 651 521 704 terra
541 662 602 705 non
622 652 769 721 poteram,
783 663 932 723 regressus
946 645 987 706 ad
1000 644 1097 718 navis,

200 729 317 800 quanta
336 723 471 782 maxime
490 722 577 801 potui
597 722 760 796 eeleritate,
780 732 867 784 tanto
890 725 982 786 maris
1004 733 1098 786 terra·
1131 724 1151 786 5

200 821 329 882 rumque
356 803 496 876 circuitu,
520 803 553 862 in
580 801 734 864 radicibus
757 823 852 883 prope
871 803 914 864 A]
937 804 1001 864 ium
1025 804 1098 865 huic

200 881 336 943 timendo
357 882 437 944 hosti
457 881 565 945 obvius
584 882 639 944 fui.
681 881 805 957 Utrum,
822 903 892 944 cum
913 825 1098 946 ieclinarem

201 971 364 1035 certamen,
385 962 557 1042 inprovisus
577 962 719 1024 incidisse
738 963 853 1037 videor,
877 982 918 1024 an
941 984 1099 1026 occurrere

201 1042 234 1101 in
257 1041 335 1104 vesti
358 1042 394 1102 'is
414 1043 486 1121 ejus,
506 1043 652 1104 lacessere
675 1063 712 1103 ac
735 1043 856 1106 trahere
876 1045 917 1106 ad
938 1044 1099 1106 decernen-

202 1121 297 1182 dum?
367 1123 481 1201 xperiri
492 1123 592 1203 juvat,
606 1132 710 1184 utrum
730 1123 807 1184 alios
827 1133 949 1204 repente
970 1123 1098 1186 Cartba-
1112 1125 1152 1187 10

201 1201 351 1281 ginienses
371 1222 426 1281 per
445 1203 556 1282 viginti
580 1223 676 1264 annos
696 1212 778 1264 terra
798 1203 937 1278 ediderit,
955 1223 996 1265 an
1017 1203 1099 1265 idem

201 1283 272 1354 sint,
286 1282 340 1360 qui
354 1283 394 1342 ad
409 1283 535 1362 Aegatis
549 1293 764 1364 pugnaverunt
778 1283 902 1358 insulas,
916 1293 947 1346 et
963 1304 1038 1363 quos
1058 1284 1098 1345 ab

202 1361 304 1441 Eryce
324 1362 539 1425 duodevicenis
560 1363 692 1425 denariis
712 1363 885 1426 aestimatos
905 1363 1054 1438 emisistis,
1068 1374 1100 1425 et

201 1452 306 1503 utrum
320 1440 482 1504 Hannibal
503 1443 554 1504 hic
573 1444 614 1504 sit
634 1443 772 1504 aemulus
786 1443 930 1505 itinerum
945 1443 1099 1517 Herculis,

201 1531 238 1583 ut
253 1523 319 1601 ipse
334 1523 401 1596 fert,
416 1543 458 1584 an
470 1524 629 1603 vectigalis
650 1524 925 1603 stipendiariusque
945 1532 976 1584 et
995 1543 1099 1586 servus
1115 1524 1154 1586 15

197 1603 308 1682 populi
327 1602 460 1664 Romani
479 1625 499 1664 a
518 1613 605 1685 patre
624 1605 757 1666 relictus.
798 1605 899 1682 Quem
913 1604 972 1666 nisi
985 1604 1101 1686 Sagun·

201 1684 302 1744 tinum
328 1683 427 1746 scelus
452 1685 592 1765 agitaret,
619 1685 782 1766 respiceret
808 1684 955 1766 profecto,
984 1687 1011 1748 si
1039 1705 1100 1747 non

200 1764 334 1844 patriam
348 1765 471 1840 victam,
486 1766 609 1828 domum
631 1776 720 1828 certe.
732 1775 910 1847 patremque
929 1775 960 1828 et
980 1766 1101 1828 foedera

201 1845 390 1906 Hamilcaris
403 1847 517 1926 scripta
527 1868 630 1920 manu,
639 1848 692 1927 qui
702 1847 802 1927 jussus
815 1847 856 1909 ab
866 1847 988 1908 consule
998 1858 1101 1909 nostro

200 1925 385 2004 praesidium
406 1926 535 1988 deduxit
554 1927 594 1988 ab
615 1927 726 2007 Eryce,
768 1928 800 1987 ui
823 1947 931 2007 graves
955 1928 1100 2008 inpositas
1115 1927 1155 1990 20

200 2005 292 2067 victis
316 2004 618 2086 Carthaginiensibus
643 2007 724 2086 leges
747 1947 877 2069 iremens
904 2028 1101 2087 maerensque

84 2139 89 2150 .
200 2084 329 2164 accepit,
343 2086 396 2165 qni
416 2087 560 2149 decedere
580 2087 694 2162 Sicilia,
708 2087 762 2168 qui
781 2087 966 2167 stipendium
986 2088 1101 2168 populo

201 2165 342 2226 Romano
355 2165 429 2227 dare
441 2176 548 2246 pactus
561 2177 614 2230 eat.

242 2245 352 2325 Itaque
372 2267 425 2309 vos
446 2268 511 2327 ego,
525 2248 646 2322 milites,
660 2267 722 2308 non
743 2267 778 2309 eo
798 2247 897 2310 solum
916 2247 1020 2308 animo
1041 2268 1101 2328 quo

201 2325 347 2387 adversus
361 2327 437 2388 alios
450 2328 550 2389 hostes
565 2328 675 2401 soletis,
690 2348 827 2408 pugnare
839 2328 943 2402 velim,
956 2328 1009 2390 sed
1030 2349 1100 2389 cum
1115 2329 1154 2391 25

201 2405 414 2486 indignatione
447 2407 580 2486 quadam
613 2418 706 2488 atque
738 2409 795 2482 ira,
822 2408 907 2471 velut
940 2408 966 2468 si
999 2429 1102 2470 servos

201 2485 333 2547 videatis
358 2495 471 2548 vestros
497 2507 584 2549 arma
606 2497 730 2568 repente
754 2497 860 2549 contra
882 2509 936 2551 vos
963 2487 1100 2549 ferentes.

202 2564 309 2626 Licuit
331 2566 372 2628 ad
397 2567 528 2661 Erycem
552 2567 671 2629 clausos
692 2567 801 2629 ultimo
824 2568 974 2647 supplicio
996 2568 1102 2628 huma·

202 2665 322 2719 norum,
337 2645 627 2721 fame‚1nterficere;
648 2648 737 2709 licuit
751 2648 909 2710 victricem
925 2646 1050 2708 classem
1067 2649 1101 2708 in

202 2725 343 2786 Africam
367 2727 494 2787 traicere
518 2736 609 2808 atque
632 2728 715 2789 intra
734 2748 847 2807 pancos
867 2728 930 2788 dies
950 2729 1016 2789 sino
1035 2727 1154 2792 u11030

203 2807 369 2866 certamine
383 2805 600 2887 Carthaginem
615 2806 731 2881 delere;
746 2809 867 2870 veniam
882 2807 1021 2869 dedimus
1034 2829 1100 2888 pre·

202 2885 352 2960 cantibus,
371 2887 525 2948 emisimus
545 2907 586 2948 ex
605 2887 769 2961 obsidione,
789 2908 896 2967 pacem
920 2908 990 2949 cum
1010 2888 1101 2950 victis

201 2964 338 3039 fecimus,
352 2965 466 3026 tutelae
482 2967 592 3028 deinde
608 2977 729 3028 nostrae
743 2967 895 3041 duximus,
909 2988 979 3029 eum
993 2967 1101 3029 Africo

201 3043 283 3105 bello
294 3055 481 3124 urgerentur.
513 3045 573 3107 Pro
584 3047 632 3107 his
639 3047 791 3126 inpertitis
801 3045 947 3108 furiosum
955 3049 1100 3128 juvenem

201 3134 358 3203 sequentes
391 3136 599 3205 oppugnatum
635 3126 766 3206 patriam
799 3136 933 3187 nostram
962 3128 1098 3189 veniunt.
1114 3126 1152 3188 35

201 3203 305 3283 Atque
326 3205 444 3265 utinam
464 3225 520 3284 pro
540 3205 648 3266 decore
668 3215 789 3266 tantum
810 3206 867 3265 hoc
880 3206 967 3268 vobis
987 3215 1017 3266 et
1037 3225 1099 3266 non

200 3302 256 3360 pro
286 3283 387 3345 salute
419 3295 495 3345 esset
528 3287 697 3346 certamen!
753 3285 824 3344 Non
852 3285 890 3344 de
917 3285 1100 3362 possessione

201 3361 325 3423 Siciliae
341 3383 378 3423 ac
394 3363 563 3438 Sardiniae,
578 3365 616 3424 de
637 3363 747 3441 quibus
768 3362 922 3439 quondam
942 3361 1100 3437 agebatur,

200 3442 253 3501 sed
266 3462 322 3522 pro
341 3442 436 3504 Italia
448 3442 535 3505 vobis
555 3450 601 3504 est
620 3440 829 3520 pugnandum.
870 3437 936 3496 Nec
956 3445 1001 3495 est
1021 3435 1100 3492 alius
