2628 3796
483 213 618 262 ursus
642 214 759 280 xxm,
787 197 916 263 59-60.
1128 199 1193 266 003

244 372 335 448 blico,
356 369 411 434 alii
431 370 550 432 nullam
571 370 694 452 publice
714 371 871 450 inpensam
892 369 1063 432 faciendam
1083 393 1140 435 nec

243 453 446 548 prohibendos
465 473 503 513 ex
516 452 636 532 privato
657 451 783 525 redimi;
802 451 830 511 si
849 452 960 530 quibus
981 462 1141 532 argentum

243 555 277 594 ιιι
297 533 468 615 praesentia
488 533 610 606 deesset,
628 531 762 593 dandam
784 551 823 592 ex
844 532 961 592 aerario
980 533 1140 613 pecuniam

243 624 383 676 mutuam
399 613 622 695 praedibusque
634 632 671 672 ac
682 611 817 706 praediis
837 612 1006 675 cavendum
1027 614 1141 693 populo

243 703 408 768 censerent,
435 701 501 754 tum
528 693 563 754 Τ.
591 692 728 752 Manlius
755 691 935 772 Torquatus,
958 693 1076 772 priscae
1102 715 1139 758 ac
1173 693 1194 756 5

242 775 333 836 nimis
346 773 451 847 durae,
461 781 497 834 ut
510 772 663 854 plerisque
672 771 844 845 videbatur,
857 773 1035 850 severitatis,
1049 775 1141 837 inter·

241 865 366 935 rogatus
379 854 559 915 sententiam
573 854 620 914 ita
630 853 750 918 locutus
763 851 877 914 fertur:

279 935 343 996 “Si
357 933 567 995 tantummodo
582 932 785 1014 postulassent
799 933 892 1012 legati
906 955 963 1014 pro
978 934 1025 1010 iis,
1038 936 1093 1016 qui
1106 937 1139 998 in

241 1015 375 1076 hostium
394 1023 543 1095 potestate
560 1023 642 1087 sunt,
657 1023 693 1075 ut
712 1013 941 1089 redimerentur,
960 1014 1026 1078 siue
1046 1017 1139 1079 ullius

240 1095 436 1156 insectatione
446 1115 550 1156 eorum
561 1095 647 1158 brevi
659 1094 840 1156 sententiam
854 1096 1049 1176 peregissem
1064 1099 1138 1178 quid
1153 1097 1193 1161 10

239 1177 322 1236 enim
342 1175 427 1235 aliud
447 1196 539 1255 quam
560 1174 744 1237 admonendi
764 1175 875 1249 essetis,
889 1186 925 1236 ut
944 1197 1058 1238 morem
1079 1187 1139 1240 tra-

237 1256 338 1316 ditum
352 1276 373 1316 a
385 1255 524 1335 patribus
544 1256 710 1317 necessario
724 1255 764 1316 ad
778 1275 842 1316 rem
856 1255 1020 1318 militarem
1039 1278 1139 1319 exem-

237 1336 290 1416 plo
316 1335 497 1398 servaretis?
537 1337 630 1398 Nunc
657 1345 769 1410 autem,
796 1356 867 1397 cum
893 1357 988 1417 prope
1014 1337 1138 1417 gloriati

237 1417 308 1490 siut,
329 1416 411 1496 quod
431 1437 462 1478 se
482 1402 619 1480 hostibus
640 1417 822 1491 dediderint,
842 1416 1050 1497 praeferrique
1075 1438 1137 1480 nou

237 1497 335 1578 captis
355 1497 445 1559 modo
465 1498 498 1559 in
518 1499 584 1560 acie
604 1497 645 1559 ab
665 1497 811 1571 hostibus,
831 1497 884 1558 sed
903 1497 997 1559 etiam
1016 1497 1063 1572 iis,
1083 1499 1137 1578 qui
1151 1501 1190 1562 15

236 1576 406 1638 Venusiam
431 1578 657 1659 Canusiumque
677 1585 890 1658 pervenerunt,
910 1586 1003 1659 atque
1022 1577 1081 1658 ipsi
1100 1577 1135 1641 C.

234 1656 378 1719 Terentio
400 1661 517 1721 consuli
538 1681 645 1722 aecum
666 1658 846 1732 censuerint,
860 1659 939 1720 nihil
954 1679 1007 1722 vos
1021 1679 1134 1733 eorum,

234 1747 335 1816 patres
350 1741 521 1821 conscripti,
532 1761 610 1821 quae
623 1739 690 1801 illic
704 1747 774 1800 acta
787 1748 867 1813 sunt,
876 1739 1016 1819 ignorare
1025 1739 1135 1821 patiar.

234 1817 339 1898 Atque
366 1821 485 1882 utinam
512 1822 597 1896 haec,
621 1841 701 1901 quae
727 1828 802 1900 aput
829 1840 882 1881 vos
908 1829 1031 1880 acturus
1058 1839 1135 1894 snm,

234 1897 348 1961 Canusi
374 1912 457 1982 aput
492 1903 591 1983 ipsum
625 1901 793 1963 exercitum
828 1919 957 1980 agerem,
985 1900 1134 1980 optimum
1149 1903 1190 1967 20

232 1987 339 2040 testem
367 1982 509 2062 ignaviae
539 1984 684 2063 cu’usque
706 1990 738 2042 et
757 1981 890 2054 virtutis,
911 1989 966 2041 aut
984 2000 1063 2042 unus
1083 1981 1135 2042 hic

232 2059 341 2121 saltem
365 2063 482 2126 adesset
506 2063 541 2126 P.
607 2063 772 2143 mpronius,
796 2081 887 2141 quem
910 2061 934 2121 si
956 2061 1006 2122 isti
1025 2060 1135 2122 ducem

231 2141 328 2201 secuti
349 2152 455 2219 essent,
476 2145 589 2206 milites
610 2144 701 2205 hodie
721 2143 754 2203 in
775 2142 881 2202 eastris
901 2141 1056 2214 Romanis,
1073 2161 1135 2202 non

232 2222 348 2300 captivi
369 2224 401 2284 in
421 2226 555 2286 hostium
577 2233 726 2305 potestate
745 2232 851 2285 essent.
892 2221 944 2284 Set
958 2242 1037 2294 cum,
1051 2221 1134 2282 fessis

230 2303 397 2381 pugnando
418 2304 563 2380 hostibus,
585 2314 652 2366 tum
673 2305 804 2368 victoria
824 2304 912 2364 laetis
926 2311 962 2364 *ot
981 2302 1054 2381 ipsis
1072 2301 1134 2380 ple·
1148 2302 1188 2364 25

230 2381 333 2460 risque
353 2386 492 2464 regressis
512 2386 546 2446 in
567 2395 668 2446 castra
691 2404 756 2458 sua,
777 2394 896 2446 noctem
917 2384 956 2444 ad
978 2399 1134 2461 erumpen-

231 2460 306 2522 dum
320 2463 448 2525 liberam
463 2465 648 2539 habuissent,
664 2473 695 2526 et
707 2473 821 2544 septem
841 2463 927 2524 milia
947 2470 1134 2523 armatorum

229 2542 388 2603 hominum
409 2563 565 2624 erumpere
592 2543 685 2603 etiam
706 2564 764 2622 per
784 2543 932 2605 confertos
952 2543 1051 2605 hostes
1070 2565 1135 2624 pos-

228 2631 304 2695 sent,
325 2642 423 2701 neque
441 2643 495 2702 per
514 2644 545 2684 se
565 2622 623 2702 ipsi
644 2622 676 2683 id
696 2623 795 2683 facere
814 2623 915 2684 conati
941 2632 1012 2684 sunt
1037 2644 1134 2704 neque

228 2700 325 2763 alium
350 2724 381 2764 se
403 2705 435 2764 ui
459 2705 631 2767 voluerunt.
674 2703 773 2765 Nocte
795 2723 888 2784 propa
909 2712 975 2766 tota
994 2702 1030 2764 P.
1050 2701 1132 2764 Sem·
1146 2704 1187 2767 30

228 2783 354 2860 pronius
395 2784 540 2846 uditanus
554 2805 615 2847 non
630 2785 748 2846 destitit
762 2804 891 2857 monere,
903 2783 1058 2846 adhortari
1072 2803 1131 2857 eos,

228 2861 303 2921 dum
331 2865 468 2943 paucitas
494 2866 627 2926 hostium
656 2865 738 2926 circa
766 2873 874 2938 castra,
895 2865 968 2925 dum
989 2864 1074 2942 quies
1094 2883 1131 2924 ac

227 2939 385 3004 silentium
406 2953 491 3018 esset,
505 2945 578 3004 dum
600 2966 662 3006 nox
683 2946 840 3024 inceptum
860 2953 961 3023 tegere
978 2952 1085 3022 posset,
1099 2963 1131 3004 se

227 3021 337 3082 ducem
358 3034 570 3102 sequerentur:
597 3035 669 3085 ante
696 3024 796 3086 lucem
823 3024 982 3117 pervenire
1006 3024 1038 3082 in
1063 3031 1131 3084 tuta

226 3099 304 3173 loca,
326 3103 359 3162 in
379 3105 529 3164 sociorum
554 3104 643 3165 urbes
667 3124 761 3184 posse.
803 3103 845 3177 δι,
866 3111 901 3164 ut
921 3123 1050 3166 avorum
1070 3124 1129 3163 me·
1144 3103 1183 3165 35

226 3182 326 3242 moria
346 3181 381 3244 P.
403 3183 516 3244 Decius
537 3184 678 3244 tribunus
699 3184 832 3244 militum
850 3184 883 3243 in
897 3183 1030 3255 Samnio,
1044 3183 1080 3254 si,
1094 3190 1130 3243 ut

225 3260 315 3322 uobis
330 3261 575 3324 adulescentibus
589 3265 688 3342 priore
703 3263 820 3323 Punico
842 3261 922 3324 bello
943 3261 1128 3338 Calpurnius

225 3339 371 3403 Flamma
390 3343 532 3404 trecentis
545 3343 736 3414 voluntariis,
751 3362 822 3402 cum
843 3342 883 3401 ad
904 3341 1057 3401 tumulum
1078 3358 1128 3396 eos

225 3421 408 3499 capiendum
429 3423 521 3482 situm
543 3423 622 3482 inter
642 3421 756 3480 medios
777 3421 901 3479 duceret
921 3417 1025 3486 hostis,
1046 3414 1128 3472 dixit

222 3501 430 3578 “moriamur,
453 3501 575 3576 milites,
595 3509 626 3562 et
649 3507 746 3560 morte
769 3505 874 3558 nostra
900 3494 1064 3572 eripiamus
1087 3509 1127 3548 ex
1140 3489 1182 3552 40
