2572 3790
525 232 658 280 arnna
682 231 708 297 1,
735 215 787 280 26.
1111 213 1158 280 43

239 390 373 454 Romani
383 397 507 452 ovantes
522 408 558 450 ac
568 387 757 468 gratulantes
767 385 935 448 Horatium
946 386 1103 468 accipiunt

199 493 234 535 eo
248 471 362 552 majore
376 490 446 532 eum
459 467 582 562 gapdio,
596 488 656 547 quo
675 486 769 547 prope
789 476 905 528 metum
925 487 972 530 res
992 467 1102 561 fuerat.

119 620 122 628 ¹
199 552 253 645 Ad
279 550 470 644 sepulturam
499 548 572 641 rude
604 566 729 640 suerum
744 566 777 639 ,n
816 566 950 640 unquam
977 547 1103 640 paribus

200 634 883 786 tttlrtttltffirttpttttttatt
896 627 1104 788 illidii}
1137 705 1157 768 5

201 791 269 852 loco
289 789 409 862 cecidit,
427 787 488 850 duo
509 753 649 848 Romana
670 806 731 847 uno
751 784 819 848 loco
840 786 964 866 propius
978 787 1105 860 Albam,
1203 832 1243 902 §s

202 871 264 932 tria
276 869 404 931 Albana
423 868 552 930 Romam
566 887 680 940 versus,
694 865 747 928 sed
761 865 908 930 distantia
920 865 1005 942 locis,
1019 876 1055 930 ut
1073 877 1106 928 et
1128 891 1147 906 ν

202 957 597 1108 Ρυεὶὲἓῒῧῗωὲήυεῳωω
624 1025 696 1088 inde
723 1025 964 1107 digrederentur,
984 1027 1105 1109 roganti

203 1109 323 1182 Mettio,
338 1129 377 1170 err
393 1107 513 1170 foedere
529 1107 589 1169 icto
609 1106 682 1186 quid
702 1106 874 1187 imperaret,
889 1108 1020 1189 imperat
1033 1107 1105 1169 Tul·
1119 1106 1160 1168 10

203 1190 261 1264 lus,
270 1189 317 1249 uti
326 1189 519 1282 juventutem
529 1187 562 1248 in
573 1186 666 1248 armis
676 1187 806 1262 habeat;
820 1208 946 1250 usurum
960 1209 992 1250 se
1001 1208 1106 1250 eorum
1166 1207 1184 1240 r

204 1289 340 1410 ρρὲιεόει
354 1267 554 1408 bellurlpdoupir
562 1266 746 1408 Vpieptibus
759 1267 848 1408 ffiret.
867 1348 874 1362 .
889 1267 1106 1410 Itebexereitus

204 1369 290 1490 ut,
311 1367 557 1507 tritt,
577 1367 780 1507 ,allilia
798 1355 1107 1508 titttgtttt

206 1509 353 1588 desponsa
373 1507 427 1568 uni
447 1527 487 1568 ex
505 1505 650 1568 Curiatiis
671 1506 781 1580 fuerat,
796 1506 888 1569 obvia
900 1516 972 1568 ante
986 1517 1105 1587 portam
1121 1503 1161 1568 15

201 1587 361 1668 ¹Capenam
374 1586 443 1660 fuit,
458 1586 639 1666 cognitoque
658 1606 750 1666 super
766 1606 886 1648 umeros
901 1586 1005 1650 botris
1020 1587 1106 1667 pelu-

207 1669 348 1730 damento
361 1666 568 1751 sponsi,quod
583 1666 649 1746 ipsa
663 1665 843 1740 confecerat,
857 1665 950 1729 solvit
963 1667 1061 1730 crines
1073 1675 1106 1730 et

207 1748 350 1810 flebiliter
360 1747 482 1808 nomine
494 1766 638 1826 sponsum
652 1755 808 1808 mortuum
821 1747 966 1827 appellat.
1000 1747 1108 1811 Movet

208 1828 301 1890 feroci
317 1826 425 1908 juveni
445 1826 583 1888 animum
604 1826 794 1906 conploratio
807 1827 916 1888 sororis
930 1827 962 1888 in
977 1828 1108 1891 victoria

207 1928 263 1971 sua
278 1915 424 1986 tantoque
436 1906 549 1986 gaudio
563 1905 694 1986 publico.
737 1905 849 1968 Stricto
870 1907 973 1987 itaque
991 1907 1107 1988 gladio,
1122 1906 1162 1968 20
1232 1987 1235 1996 .

207 1987 300 2050 simul
327 1987 428 2051 verbis
454 1987 624 2066 increpans,
650 1985 804 2066 transfigit
830 1987 974 2066 puellam.
1016 1988 1108 2050 “Abi

208 2068 281 2128 hinc
308 2087 378 2128 oum
405 2067 559 2128 inmaturo
586 2086 689 2128 amore
722 2065 763 2128 ad
796 2068 968 2146 sponsum,’'
996 2067 1108 2147 inquit,

210 2147 335 2209 “oblita
353 2146 483 2208 fratrum
505 2155 693 2207 mortuorum
710 2145 845 2225 vivique,
864 2147 961 2209 oblita
981 2148 1108 2254 patriae.

209 2227 260 2290 Sic
274 2237 333 2302 eat,
347 2246 555 2320 quaecumque
570 2226 711 2286 Romana
724 2225 842 2305 lugebit
855 2226 1001 2290 hostem'

250 2307 352 2370 Atrox
378 2307 478 2370 visum
506 2306 539 2366 rd
565 2305 685 2367 facinus
711 2305 850 2386 patribus
876 2307 1029 2388 plebique,
1055 2307 1109 2370 sed
1123 2304 1164 2368 25

210 2408 313 2450 recens
326 2387 468 2449 meritum
482 2387 564 2448 facto
578 2386 726 2449 obstabat.
767 2385 883 2448 Tamen
897 2397 1003 2468 raptus
1016 2389 1111 2469 injus

210 2468 250 2529 ad
270 2488 381 2548 regem.
422 2467 501 2540 Rex,
518 2486 557 2527 ne
580 2466 643 2546 ipse
666 2475 730 2528 tam
754 2467 849 2529 tristis
873 2468 1046 2548 ingratique
1068 2467 1110 2530 ed

210 2547 321 2628 vulgus
330 2547 442 2630 judieii
456 2567 493 2608 ac
506 2547 669 2607 secundum
681 2546 833 2626 judicium
847 2548 990 2629 supplicii
1004 2557 1112 2610 auctor

210 2637 295 2703 esset,
309 2627 439 2690 coneilio
452 2626 558 2706 populi
578 2627 736 2701 advocato,
752 2627 985 2702 “duumviros’'
1000 2628 1031 2688 in
1055 2629 1111 2703 uit,

209 2708 292 2849 itqui
324 2707 457 2849 {oratio
490 2706 730 2786 perduellionem
758 2706 908 2787 judicent,
942 2650 1111 2770 secundum
1126 2708 1166 2770 30

223 2808 308 2850 eem
360 2807 415 2848 cro.

238 2810 318 2928 gLex
338 2866 483 2928 horrendi
504 2866 645 2927 carminis
666 2875 748 2928 eret:
771 2866 957 2932 “duumviri
975 2868 1113 2950 perduel-

212 2948 323 3009 lionem
336 2947 495 3028 judicent;
515 2946 541 3007 si
555 2967 574 3006 a
587 2945 757 3008 duumviris
771 2950 955 3027 promuerit,
969 2970 1112 3030 provoca·

211 3028 293 3089 tione
320 3036 453 3100 certato3
480 3025 507 3086 si
536 3026 669 3098 vincent,
697 3036 791 3107 caput
817 3028 975 3104 obnubito,
995 3030 1112 3092 infelici

211 3107 313 3170 arbori
326 3116 406 3168 reste
418 3105 602 3185 suspendite,
611 3106 771 3167 verberato
782 3108 833 3169 vel
846 3109 930 3170 intra
942 3110 1113 3189 pomerium
1126 3105 1166 3170 35

210 3186 261 3250 vel
275 3196 364 3248 extra
377 3185 576 3266 pomerium.”
617 3184 689 3246 Hae
699 3185 765 3265 lege
776 3187 933 3251 duumviri
947 3190 1113 3269 creationi

211 3287 243 3328 se
256 3266 413 3329 absolvere
427 3286 488 3326 non
502 3265 648 3326 rebantur
668 3285 705 3325 ea
725 3266 792 3344 lege
812 3288 850 3326 ne
869 3268 1031 3328 innoxium
1069 3270 1114 3328 ui-

212 3346 282 3406 dem
309 3366 403 3426 posse,
424 3365 495 3406 cum
523 3344 780 3415 condemnassent,
800 3353 867 3404 tum
895 3346 972 3406 alter
999 3367 1038 3404 ex
1048 3291 1113 3406 qhis

213 3425 336 3486 “Publi
358 3424 480 3499 Horati,
502 3423 560 3485 tibi
582 3422 822 3504 perduellionem
844 3423 978 3502 judioo''
1003 3423 1112 3500 inquit
