2628 3796
114 238 180 306 214
254 273 258 280 ·
286 256 376 304 τιτι
402 241 937 306 u1v1aa'vanscoun1us

166 432 334 492 numquam
354 410 394 473 ab
415 411 480 491 ipso
500 410 586 472 elusa
605 409 679 471 fides
697 418 751 485 est,
766 409 840 490 quin
861 410 963 490 potius
982 419 1076 472 aucta

167 503 233 554 arte
246 491 380 572 quadam
394 512 450 552 nec
463 490 618 552 abnuendi
633 491 695 551 tale
709 491 874 570 quicquam
894 511 950 552 nee
970 491 1074 570 palam

166 571 360 634 adfirmandi.
402 570 505 632 Multa
525 571 589 631 alia
608 570 743 650 ejusdem
763 570 891 650 generis,
911 571 975 631 alia
990 591 1075 644 vera,

166 653 229 714 alia
242 649 437 725 adsimulata,
451 651 662 712 admirationis
684 650 837 711 humanae
858 651 891 710 in
909 671 945 712 eo
959 651 1075 732 juvene

134 731 154 794 ὅ
167 739 358 794 excesserant
378 731 521 804 modum
542 730 652 811 quibus
666 729 746 791 freta
762 738 836 792 tunc
851 730 959 792 civitas
979 731 1075 792 aetati

166 813 406 894 haudquaquam
419 821 558 872 maturae
571 819 692 872 tantam
704 831 807 872 rerum
820 810 933 873 molem
942 819 1077 873 tantum·

166 913 226 974 que
239 892 403 976 imperium
416 891 563 976 permisit

166 1372 286 1440 xxxv,
310 1355 661 1432 14.-comoov1vu
685 1372 859 1422 semotus
880 1373 956 1424 cvu
978 1372 1077 1422 nsu-

549 1460 698 1510 amnas.

205 1608 299 1672 XIV.
341 1608 520 1684 Calamus,
545 1619 665 1672 secutus
693 1608 826 1673 Graecos
851 1610 1011 1672 Acilianos
1038 1610 1076 1671 li·

165 1687 244 1763 bros,
255 1690 290 1750 P.
301 1688 484 1751 Africanum
500 1692 533 1751 in
548 1711 585 1752 ea
598 1690 691 1752 fuisse
704 1690 858 1770 legatione
871 1692 977 1765 tradit,
992 1711 1075 1752 eum·

112 1772 152 1836 10
165 1789 224 1849 que
238 1768 353 1849 Ephesi
366 1769 561 1832 conlocutum
576 1790 646 1831 cum
658 1770 850 1845 Hannibalc;
865 1780 895 1832 et
905 1791 1075 1832 sermonem

165 1869 261 1910 unum
285 1849 378 1911 etiam
401 1850 502 1925 refert,
526 1870 587 1930 quo
610 1851 769 1930 quaerenti
791 1850 941 1912 Africano
966 1855 1074 1930 ‘quem

165 1929 257 1990 fuisse
280 1931 449 1991 maximum
474 1931 687 2010 imperatorem
711 1930 873 1992 Hannibal
898 1929 1074 1993 crederetl’

165 2010 361 2089 respondisse,
383 2009 618 2071 ‘Alexandrum
638 2010 844 2072 Macedonum
864 2031 976 2090 regem,
990 2011 1074 2092 qnod

163 2109 259 2168 parva
292 2111 386 2154 manu
421 2091 656 2155 innumerabiles
689 2091 839 2154 exercitus
873 2091 1008 2166 didisset,
1041 2099 1070 2154 ct

110 2169 149 2230 15
163 2171 243 2249 quod
258 2171 381 2235 ultimas
399 2194 476 2249 oras,
491 2193 566 2253 quas
579 2172 676 2234 visere
695 2192 788 2252 supra
803 2193 818 2234 s
901 2172 1068 2234 humanam

161 2256 245 2317 esset,
273 2248 482 2327 peragrasset!
532 2248 707 2326 Quaerenti
736 2249 807 2310 dein
829 2269 856 2323 e,
884 2255 991 2330 ‘quem
1025 2271 1069 2312 se·

162 2327 295 2388 cundum
315 2327 478 2407 poneretl’
520 2328 709 2408 ‘Pyrrhum’
724 2329 853 2391 dixisse:
876 2335 994 2394 ‘castra
1008 2352 1069 2394 me·

161 2407 222 2467 tari
242 2407 375 2487 primum
397 2407 551 2482 docuisse;
578 2408 618 2469 ad
641 2409 699 2470 hoc
723 2411 876 2472 neminem
898 2410 1069 2492 elegantius

161 2486 229 2547 loca
249 2487 370 2566 cepisse,
385 2489 538 2568 praesidia
551 2489 747 2570 disposuisse;
768 2500 865 2553 artem
885 2493 979 2554 etiam
998 2513 1069 2555 eon·

109 2569 148 2630 20
162 2566 289 2626 ciliandi
303 2565 362 2628 sibi
376 2568 513 2630 homiues
527 2591 594 2632 earn
608 2571 757 2646 habuisse,
773 2582 808 2634 ut
821 2572 950 2635 Italicae
963 2583 1069 2653 gentes

163 2646 241 2724 regia
261 2647 379 2707 externi
394 2667 485 2726 quam
501 2651 607 2730 populi
626 2652 760 2713 Romani
775 2662 839 2713 tam
853 2654 907 2714 diu
921 2655 1070 2734 principis

162 2726 194 2785 in
205 2745 241 2784 ea
252 2733 333 2785 terra
342 2726 505 2807 imperium
515 2751 579 2792 esse
594 2729 739 2794 mallent’
767 2732 951 2813 Exequenti,
963 2737 1069 2814 ‘quem

161 2806 287 2866 tertium
307 2806 463 2871 duceretl'
485 2810 677 2873 hauddubie
691 2816 802 2874 ‘semet
815 2813 933 2893 ipsum'
947 2814 1069 2875 dixisse.

162 2885 241 2946 Tum
254 2886 348 2946 risum
362 2888 503 2951 obortum
517 2891 663 2972 Scipioni,
676 2901 707 2955 et
719 2892 881 2974 subjecisse
895 2893 1070 2972 “quidnam

110 2966 149 3027 25
163 2975 197 3026 tu
211 2966 334 3042 diceres,
348 2969 373 3029 si
395 2990 444 3031 me
457 2971 627 3033 vicissesl''
670 2972 776 3034 “Tum
791 2995 864 3037 vero
878 2973 954 3034 me''
968 2973 1000 3033 in
1023 2975 1071 3035 uit

163 3052 220 3106 “et
234 3056 305 3107 ante
321 3048 535 3111 Alexandrum
556 3060 587 3113 et
607 3061 679 3114 ante
693 3053 849 3134 Pyrrhum
862 3062 893 3116 et
906 3061 979 3116 ante
992 2995 1071 3115 tilios

163 3127 261 3187 omnis
275 3128 471 3206 imperatores
484 3131 575 3190 esst'
617 3133 661 3193 Et
674 3134 854 3213 perplexum
868 3134 987 3195 Punico
1000 3144 1070 3195 astu

163 3225 336 3283 responsum
359 3218 390 3268 et
410 3209 597 3286 inprovisum
613 3213 831 3274 adsentationis
844 3235 940 3293 genus
955 3213 1070 3293 Scipio-

163 3304 233 3343 nem
256 3286 393 3357 movisse‚
419 3289 499 3366 quod
528 3308 544 3348 e
571 3310 662 3369 grege
685 3312 716 3352 se
740 3292 959 3372 imperatorum
983 3294 1071 3355 velut

110 3359 150 3420 30
163 3361 416 3424 inaestimabilem
436 3367 618 3429 secrevisset
