<?xml version="1.0" encoding="UTF-8"?>
<!DOCTYPE html PUBLIC "-//W3C//DTD XHTML 1.0 Transitional//EN"
    "http://www.w3.org/TR/xhtml1/DTD/xhtml1-transitional.dtd">
<html xmlns="http://www.w3.org/1999/xhtml" xml:lang="en" lang="en">
 <head>
  <title>
</title>
<meta http-equiv="Content-Type" content="text/html;charset=utf-8" />
  <meta name='ocr-system' content='tesseract 3.04.00' />
  <meta name='ocr-capabilities' content='ocr_page ocr_carea ocr_par ocr_line ocrx_word'/>
</head>
<body>
  <div class='ocr_page' id='page_1' title='image "./historieslivybo00chasgoog_0086.png"; bbox 0 0 2572 3790; ppageno 0'>
   <div class='ocr_carea' id='block_1_1' title="bbox 488 233 1148 318">
    <p class='ocr_par' dir='ltr' id='par_1_1' title="bbox 488 233 1148 318">
     <span class='ocr_line' id='line_1_1' title="bbox 488 233 1148 318; baseline 0.005 -19"><span class='ocrx_word' id='word_1_1' title='bbox 488 252 619 300; x_wconf 78' lang='lat' dir='ltr'>monn</span> <span class='ocrx_word' id='word_1_2' title='bbox 644 252 670 318; x_wconf 92' lang='lat'>1,</span> <span class='ocrx_word' id='word_1_3' title='bbox 697 236 816 301; x_wconf 80' lang='lat'><strong>58-59.</strong></span> <span class='ocrx_word' id='word_1_4' title='bbox 1105 233 1148 302; x_wconf 79' lang='grc'><strong>’19</strong></span> 
     </span>
    </p>
   </div>
   <div class='ocr_carea' id='block_1_2' title="bbox 175 407 1149 3443">
    <p class='ocr_par' dir='ltr' id='par_1_2' title="bbox 175 407 1149 3443">
     <span class='ocr_line' id='line_1_2' title="bbox 196 407 1095 488; baseline 0 -18"><span class='ocrx_word' id='word_1_5' title='bbox 196 411 305 483; x_wconf 80' lang='lat' dir='ltr'>fidem3</span> <span class='ocrx_word' id='word_1_6' title='bbox 319 407 515 470; x_wconf 79' lang='lat' dir='ltr'>consolantur</span> <span class='ocrx_word' id='word_1_7' title='bbox 536 428 659 488; x_wconf 85' lang='lat' dir='ltr'>aegram</span> <span class='ocrx_word' id='word_1_8' title='bbox 677 407 783 481; x_wconf 89' lang='lat' dir='ltr'>animi,</span> <span class='ocrx_word' id='word_1_9' title='bbox 796 407 962 471; x_wconf 87' lang='lat' dir='ltr'>avertendo</span> <span class='ocrx_word' id='word_1_10' title='bbox 979 427 1095 470; x_wconf 87' lang='lat' dir='ltr'>noxam</span> 
     </span>
     <span class='ocr_line' id='line_1_3' title="bbox 196 488 1095 567; baseline -0.001 -16"><span class='ocrx_word' id='word_1_11' title='bbox 196 490 236 551; x_wconf 90' lang='lat' dir='ltr'>ab</span> <span class='ocrx_word' id='word_1_12' title='bbox 250 499 357 551; x_wconf 87' lang='lat' dir='ltr'>coacta</span> <span class='ocrx_word' id='word_1_13' title='bbox 371 490 404 549; x_wconf 93' lang='lat' dir='ltr'>in</span> <span class='ocrx_word' id='word_1_14' title='bbox 418 497 572 550; x_wconf 78' lang='lat' dir='ltr'>auctorem</span> <span class='ocrx_word' id='word_1_15' title='bbox 589 488 709 550; x_wconf 82' lang='lat' dir='ltr'><strong>delicti:</strong></span> <span class='ocrx_word' id='word_1_16' title='bbox 731 496 863 549; x_wconf 89' lang='lat' dir='ltr'>mentem</span> <span class='ocrx_word' id='word_1_17' title='bbox 883 508 1018 567; x_wconf 87' lang='lat' dir='ltr'>peccare,</span> <span class='ocrx_word' id='word_1_18' title='bbox 1032 507 1095 550; x_wconf 89' lang='lat' dir='ltr'>non</span> 
     </span>
     <span class='ocr_line' id='line_1_4' title="bbox 196 567 1093 650; baseline 0.001 -20"><span class='ocrx_word' id='word_1_19' title='bbox 196 591 314 650; x_wconf 90' lang='lat' dir='ltr'>corpus,</span> <span class='ocrx_word' id='word_1_20' title='bbox 336 577 376 643; x_wconf 86' lang='lat' dir='ltr'>et,</span> <span class='ocrx_word' id='word_1_21' title='bbox 399 569 481 629; x_wconf 91' lang='lat' dir='ltr'>unde</span> <span class='ocrx_word' id='word_1_22' title='bbox 504 568 665 629; x_wconf 86' lang='lat' dir='ltr'>consilium</span> <span class='ocrx_word' id='word_1_23' title='bbox 689 567 810 640; x_wconf 76' lang='lat' dir='ltr'><strong>afuerit,</strong></span> <span class='ocrx_word' id='word_1_24' title='bbox 835 567 959 647; x_wconf 88' lang='lat' dir='ltr'>culpam</span> <span class='ocrx_word' id='word_1_25' title='bbox 982 568 1093 631; x_wconf 89' lang='lat' dir='ltr'>abesse.</span> 
     </span>
     <span class='ocr_line' id='line_1_5' title="bbox 197 647 1094 730; baseline -0.001 -18"><span class='ocrx_word' id='word_1_26' title='bbox 197 650 288 712; x_wconf 88' lang='lat' dir='ltr'>“Vos</span> <span class='ocrx_word' id='word_1_27' title='bbox 299 650 317 676; x_wconf 91' lang='lat'>&#39;’</span> <span class='ocrx_word' id='word_1_28' title='bbox 332 649 434 730; x_wconf 91' lang='lat' dir='ltr'>inquit</span> <span class='ocrx_word' id='word_1_29' title='bbox 447 653 466 680; x_wconf 88' lang='lat'>“</span> <span class='ocrx_word' id='word_1_30' title='bbox 475 648 621 720; x_wconf 90' lang='lat' dir='ltr'>videritis,</span> <span class='ocrx_word' id='word_1_31' title='bbox 635 647 711 726; x_wconf 91' lang='lat' dir='ltr'>quid</span> <span class='ocrx_word' id='word_1_32' title='bbox 724 647 772 707; x_wconf 95' lang='lat' dir='ltr'>illi</span> <span class='ocrx_word' id='word_1_33' title='bbox 787 647 953 721; x_wconf 81' lang='lat' dir='ltr'>debeatur3</span> <span class='ocrx_word' id='word_1_34' title='bbox 974 667 1029 728; x_wconf 88' lang='lat' dir='ltr'>ego</span> <span class='ocrx_word' id='word_1_35' title='bbox 1045 670 1094 711; x_wconf 86' lang='lat' dir='ltr'>me</span> 
     </span>
     <span class='ocr_line' id='line_1_6' title="bbox 195 726 1148 810; baseline -0.002 -20"><span class='ocrx_word' id='word_1_36' title='bbox 195 730 250 790; x_wconf 85' lang='lat' dir='ltr'>etsi</span> <span class='ocrx_word' id='word_1_37' title='bbox 265 738 391 810; x_wconf 86' lang='lat' dir='ltr'>peccato</span> <span class='ocrx_word' id='word_1_38' title='bbox 410 728 545 802; x_wconf 85' lang='lat' dir='ltr'>absolvo,</span> <span class='ocrx_word' id='word_1_39' title='bbox 558 727 710 807; x_wconf 88' lang='lat' dir='ltr'>supplicio</span> <span class='ocrx_word' id='word_1_40' title='bbox 731 747 792 788; x_wconf 91' lang='lat' dir='ltr'>non</span> <span class='ocrx_word' id='word_1_41' title='bbox 816 726 933 800; x_wconf 91' lang='lat' dir='ltr'>libero;</span> <span class='ocrx_word' id='word_1_42' title='bbox 952 748 1009 789; x_wconf 87' lang='lat' dir='ltr'>nec</span> <span class='ocrx_word' id='word_1_43' title='bbox 1028 729 1095 791; x_wconf 87' lang='lat' dir='ltr'>ulla</span> <span class='ocrx_word' id='word_1_44' title='bbox 1128 727 1148 788; x_wconf 99' lang='grc'><strong>5</strong></span> 
     </span>
     <span class='ocr_line' id='line_1_7' title="bbox 196 806 1095 888; baseline 0 -18"><span class='ocrx_word' id='word_1_45' title='bbox 196 809 306 871; x_wconf 91' lang='lat' dir='ltr'>deinde</span> <span class='ocrx_word' id='word_1_46' title='bbox 329 809 475 888; x_wconf 88' lang='lat' dir='ltr'>inpudica</span> <span class='ocrx_word' id='word_1_47' title='bbox 501 808 663 869; x_wconf 75' lang='lat' dir='ltr'>Lucretiae</span> <span class='ocrx_word' id='word_1_48' title='bbox 689 806 831 886; x_wconf 87' lang='lat' dir='ltr'>exemplo</span> <span class='ocrx_word' id='word_1_49' title='bbox 857 807 970 869; x_wconf 85' lang='lat' dir='ltr'>vivet&#39;&#39;</span> <span class='ocrx_word' id='word_1_50' title='bbox 1024 807 1095 870; x_wconf 85' lang='lat' dir='ltr'>Oul-</span> 
     </span>
     <span class='ocr_line' id='line_1_8' title="bbox 197 886 1095 970; baseline 0.002 -20"><span class='ocrx_word' id='word_1_51' title='bbox 197 899 287 963; x_wconf 88' lang='lat' dir='ltr'>trum,</span> <span class='ocrx_word' id='word_1_52' title='bbox 298 910 389 970; x_wconf 89' lang='lat' dir='ltr'>quem</span> <span class='ocrx_word' id='word_1_53' title='bbox 402 888 459 949; x_wconf 88' lang='lat' dir='ltr'>sub</span> <span class='ocrx_word' id='word_1_54' title='bbox 469 897 551 950; x_wconf 88' lang='lat' dir='ltr'>veste</span> <span class='ocrx_word' id='word_1_55' title='bbox 564 886 704 949; x_wconf 87' lang='lat' dir='ltr'>abditum</span> <span class='ocrx_word' id='word_1_56' title='bbox 719 887 859 962; x_wconf 85' lang='lat' dir='ltr'>habebat,</span> <span class='ocrx_word' id='word_1_57' title='bbox 873 907 944 948; x_wconf 88' lang='lat' dir='ltr'>eum</span> <span class='ocrx_word' id='word_1_58' title='bbox 958 887 992 948; x_wconf 91' lang='lat' dir='ltr'>in</span> <span class='ocrx_word' id='word_1_59' title='bbox 1004 889 1095 952; x_wconf 85' lang='lat' dir='ltr'>corde</span> 
     </span>
     <span class='ocr_line' id='line_1_9' title="bbox 195 967 1094 1048; baseline 0.004 -20"><span class='ocrx_word' id='word_1_60' title='bbox 195 968 310 1048; x_wconf 86' lang='lat' dir='ltr'>defigit,</span> <span class='ocrx_word' id='word_1_61' title='bbox 334 969 536 1048; x_wconf 74' lang='lat' dir='ltr'>prolapsaque</span> <span class='ocrx_word' id='word_1_62' title='bbox 562 968 596 1028; x_wconf 92' lang='lat' dir='ltr'>in</span> <span class='ocrx_word' id='word_1_63' title='bbox 622 967 736 1030; x_wconf 84' lang='lat' dir='ltr'>vulnus</span> <span class='ocrx_word' id='word_1_64' title='bbox 763 968 947 1030; x_wconf 88' lang='lat' dir='ltr'>moribunda</span> <span class='ocrx_word' id='word_1_65' title='bbox 973 967 1094 1032; x_wconf 84' lang='lat' dir='ltr'>occidit.</span> 
     </span>
     <span class='ocr_line' id='line_1_10' title="bbox 194 1048 616 1128; baseline 0 -19"><span class='ocrx_word' id='word_1_66' title='bbox 194 1048 375 1110; x_wconf 82' lang='lat' dir='ltr'>Conclamat</span> <span class='ocrx_word' id='word_1_67' title='bbox 394 1050 444 1112; x_wconf 86' lang='lat' dir='ltr'>vir</span> <span class='ocrx_word' id='word_1_68' title='bbox 461 1057 616 1128; x_wconf 88' lang='lat' dir='ltr'>paterque.</span> 
     </span>
     <span class='ocr_line' id='line_1_11' title="bbox 233 1124 1149 1209; baseline 0 -20"><span class='ocrx_word' id='word_1_69' title='bbox 233 1129 324 1190; x_wconf 78' lang='lat' dir='ltr'>LIX</span> <span class='ocrx_word' id='word_1_70' title='bbox 366 1129 491 1202; x_wconf 90' lang='lat' dir='ltr'>Brutus,</span> <span class='ocrx_word' id='word_1_71' title='bbox 513 1127 576 1188; x_wconf 92' lang='lat' dir='ltr'>illis</span> <span class='ocrx_word' id='word_1_72' title='bbox 597 1127 685 1188; x_wconf 87' lang='lat' dir='ltr'>luctu</span> <span class='ocrx_word' id='word_1_73' title='bbox 708 1127 873 1209; x_wconf 89' lang='lat' dir='ltr'>occupatis,</span> <span class='ocrx_word' id='word_1_74' title='bbox 895 1127 1030 1190; x_wconf 87' lang='lat' dir='ltr'>cultrum</span> <span class='ocrx_word' id='word_1_75' title='bbox 1054 1149 1093 1190; x_wconf 85' lang='lat' dir='ltr'>ex</span> <span class='ocrx_word' id='word_1_76' title='bbox 1109 1124 1149 1189; x_wconf 87' lang='lat'>10</span> 
     </span>
     <span class='ocr_line' id='line_1_12' title="bbox 194 1208 1094 1290; baseline 0.002 -20"><span class='ocrx_word' id='word_1_77' title='bbox 194 1208 318 1270; x_wconf 87' lang='lat' dir='ltr'>volnere</span> <span class='ocrx_word' id='word_1_78' title='bbox 332 1208 493 1270; x_wconf 84' lang='lat' dir='ltr'>Lucretiae</span> <span class='ocrx_word' id='word_1_79' title='bbox 506 1216 680 1270; x_wconf 86' lang='lat' dir='ltr'>extractum</span> <span class='ocrx_word' id='word_1_80' title='bbox 698 1217 874 1270; x_wconf 87' lang='lat' dir='ltr'>manantem</span> <span class='ocrx_word' id='word_1_81' title='bbox 894 1229 1000 1270; x_wconf 89' lang='lat' dir='ltr'>cruore</span> <span class='ocrx_word' id='word_1_82' title='bbox 1020 1230 1094 1290; x_wconf 85' lang='lat' dir='ltr'>prae</span> 
     </span>
     <span class='ocr_line' id='line_1_13' title="bbox 175 1288 1094 1368; baseline 0.002 -19"><span class='ocrx_word' id='word_1_83' title='bbox 175 1309 225 1349; x_wconf 86' lang='lat' dir='ltr'>se</span> <span class='ocrx_word' id='word_1_84' title='bbox 239 1298 353 1361; x_wconf 83' lang='lat' dir='ltr'>tenens,</span> <span class='ocrx_word' id='word_1_85' title='bbox 368 1293 452 1368; x_wconf 87' lang='lat' dir='ltr'>“per</span> <span class='ocrx_word' id='word_1_86' title='bbox 465 1288 574 1348; x_wconf 88' lang='lat' dir='ltr'>hunc&#39;&#39;</span> <span class='ocrx_word' id='word_1_87' title='bbox 588 1289 691 1368; x_wconf 92' lang='lat' dir='ltr'>inquit</span> <span class='ocrx_word' id='word_1_88' title='bbox 710 1289 937 1349; x_wconf 88' lang='lat' dir='ltr'>“castissimum</span> <span class='ocrx_word' id='word_1_89' title='bbox 958 1299 1030 1351; x_wconf 89' lang='lat' dir='ltr'>ante</span> <span class='ocrx_word' id='word_1_90' title='bbox 1049 1310 1094 1350; x_wconf 88' lang='lat' dir='ltr'>re-</span> 
     </span>
     <span class='ocr_line' id='line_1_14' title="bbox 193 1369 1094 1448; baseline 0.004 -20"><span class='ocrx_word' id='word_1_91' title='bbox 193 1369 276 1447; x_wconf 87' lang='lat' dir='ltr'>giam</span> <span class='ocrx_word' id='word_1_92' title='bbox 304 1369 449 1448; x_wconf 90' lang='lat' dir='ltr'>injuriam</span> <span class='ocrx_word' id='word_1_93' title='bbox 475 1369 654 1448; x_wconf 88' lang='lat' dir='ltr'>sanguinem</span> <span class='ocrx_word' id='word_1_94' title='bbox 676 1369 758 1448; x_wconf 87' lang='lat' dir='ltr'>juro,</span> <span class='ocrx_word' id='word_1_95' title='bbox 779 1387 902 1447; x_wconf 85' lang='lat' dir='ltr'>vosque,</span> <span class='ocrx_word' id='word_1_96' title='bbox 926 1369 980 1442; x_wconf 91' lang='lat' dir='ltr'>dii,</span> <span class='ocrx_word' id='word_1_97' title='bbox 1003 1377 1094 1432; x_wconf 84' lang='lat' dir='ltr'>testes</span> 
     </span>
     <span class='ocr_line' id='line_1_15' title="bbox 193 1447 1095 1527; baseline 0.004 -20"><span class='ocrx_word' id='word_1_98' title='bbox 193 1450 284 1521; x_wconf 82' lang='lat' dir='ltr'>t&#39;acio,</span> <span class='ocrx_word' id='word_1_99' title='bbox 297 1469 346 1509; x_wconf 92' lang='lat' dir='ltr'>me</span> <span class='ocrx_word' id='word_1_100' title='bbox 368 1447 404 1508; x_wconf 84' lang='lat' dir='ltr'>L</span> <span class='ocrx_word' id='word_1_101' title='bbox 427 1447 489 1508; x_wconf 81' lang='lat' dir='ltr'>Tar</span> <span class='ocrx_word' id='word_1_102' title='bbox 509 1448 629 1508; x_wconf 90' lang='lat' dir='ltr'>uinium</span> <span class='ocrx_word' id='word_1_103' title='bbox 651 1447 832 1527; x_wconf 85' lang='lat' dir='ltr'>Superbum,</span> <span class='ocrx_word' id='word_1_104' title='bbox 855 1467 925 1508; x_wconf 93' lang='lat' dir='ltr'>cum</span> <span class='ocrx_word' id='word_1_105' title='bbox 946 1448 1095 1511; x_wconf 83' lang='lat' dir='ltr'>scelerata</span> 
     </span>
     <span class='ocr_line' id='line_1_16' title="bbox 193 1469 1147 1609; baseline -0.002 -21"><span class='ocrx_word' id='word_1_106' title='bbox 193 1529 321 1609; x_wconf 88' lang='lat' dir='ltr'>conjuge</span> <span class='ocrx_word' id='word_1_107' title='bbox 341 1537 372 1590; x_wconf 88' lang='lat' dir='ltr'>et</span> <span class='ocrx_word' id='word_1_108' title='bbox 391 1529 475 1589; x_wconf 91' lang='lat' dir='ltr'>omni</span> <span class='ocrx_word' id='word_1_109' title='bbox 490 1469 664 1588; x_wconf 82' lang='lat' dir='ltr'>liberorum</span> <span class='ocrx_word' id='word_1_110' title='bbox 687 1527 790 1606; x_wconf 86' lang='lat' dir='ltr'>stirpe,</span> <span class='ocrx_word' id='word_1_111' title='bbox 811 1528 900 1601; x_wconf 83' lang='lat' dir='ltr'>ferro,</span> <span class='ocrx_word' id='word_1_112' title='bbox 925 1528 998 1608; x_wconf 82' lang='lat' dir='ltr'>igni,</span> <span class='ocrx_word' id='word_1_113' title='bbox 1019 1549 1093 1609; x_wconf 89' lang='lat' dir='ltr'>qua·</span> <span class='ocrx_word' id='word_1_114' title='bbox 1108 1525 1147 1586; x_wconf 91' lang='grc'>15</span> 
     </span>
     <span class='ocr_line' id='line_1_17' title="bbox 193 1607 1093 1689; baseline 0.003 -21"><span class='ocrx_word' id='word_1_115' title='bbox 193 1628 324 1689; x_wconf 91' lang='lat' dir='ltr'>cumque</span> <span class='ocrx_word' id='word_1_116' title='bbox 336 1608 467 1688; x_wconf 90' lang='lat' dir='ltr'>denique</span> <span class='ocrx_word' id='word_1_117' title='bbox 479 1608 513 1670; x_wconf 85' lang='lat' dir='ltr'>vi</span> <span class='ocrx_word' id='word_1_118' title='bbox 526 1607 646 1686; x_wconf 91' lang='lat' dir='ltr'>possim,</span> <span class='ocrx_word' id='word_1_119' title='bbox 661 1617 850 1681; x_wconf 87' lang='lat' dir='ltr'>exacturum,</span> <span class='ocrx_word' id='word_1_120' title='bbox 869 1627 925 1668; x_wconf 90' lang='lat' dir='ltr'>noc</span> <span class='ocrx_word' id='word_1_121' title='bbox 946 1607 1016 1670; x_wconf 87' lang='lat' dir='ltr'>illos</span> <span class='ocrx_word' id='word_1_122' title='bbox 1038 1629 1093 1671; x_wconf 91' lang='lat' dir='ltr'>nec</span> 
     </span>
     <span class='ocr_line' id='line_1_18' title="bbox 193 1687 1098 1768; baseline 0.004 -20"><span class='ocrx_word' id='word_1_123' title='bbox 193 1688 289 1749; x_wconf 84' lang='lat' dir='ltr'>alium</span> <span class='ocrx_word' id='word_1_124' title='bbox 307 1708 490 1768; x_wconf 92' lang='lat' dir='ltr'>quemquam</span> <span class='ocrx_word' id='word_1_125' title='bbox 509 1707 636 1767; x_wconf 83' lang='lat' dir='ltr'>regnare</span> <span class='ocrx_word' id='word_1_126' title='bbox 655 1687 772 1748; x_wconf 86' lang='lat' dir='ltr'>Romae</span> <span class='ocrx_word' id='word_1_127' title='bbox 790 1688 979 1767; x_wconf 82' lang='lat' dir='ltr'>passurum.&#39;&#39;</span> <span class='ocrx_word' id='word_1_128' title='bbox 1020 1688 1098 1752; x_wconf 68' lang='lat' dir='ltr'>0u1-,</span> 
     </span>
     <span class='ocr_line' id='line_1_19' title="bbox 192 1766 1092 1840; baseline 0.004 -13"><span class='ocrx_word' id='word_1_129' title='bbox 192 1776 275 1828; x_wconf 89' lang='lat' dir='ltr'>trum</span> <span class='ocrx_word' id='word_1_130' title='bbox 296 1768 406 1829; x_wconf 86' lang='lat' dir='ltr'>deinde</span> <span class='ocrx_word' id='word_1_131' title='bbox 426 1766 580 1828; x_wconf 78' lang='lat' dir='ltr'>Collatino</span> <span class='ocrx_word' id='word_1_132' title='bbox 600 1767 706 1840; x_wconf 88' lang='lat' dir='ltr'>tradit,</span> <span class='ocrx_word' id='word_1_133' title='bbox 720 1767 793 1828; x_wconf 90' lang='lat' dir='ltr'>inde</span> <span class='ocrx_word' id='word_1_134' title='bbox 812 1768 957 1830; x_wconf 89' lang='lat' dir='ltr'>Lucretio</span> <span class='ocrx_word' id='word_1_135' title='bbox 977 1789 1014 1830; x_wconf 87' lang='lat' dir='ltr'>ac</span> <span class='ocrx_word' id='word_1_136' title='bbox 1028 1769 1092 1831; x_wconf 87' lang='lat' dir='ltr'>Va·</span> 
     </span>
     <span class='ocr_line' id='line_1_20' title="bbox 192 1846 1092 1927; baseline 0.006 -21"><span class='ocrx_word' id='word_1_137' title='bbox 192 1847 278 1921; x_wconf 92' lang='lat' dir='ltr'>lerio,</span> <span class='ocrx_word' id='word_1_138' title='bbox 291 1847 483 1927; x_wconf 89' lang='lat' dir='ltr'>stupentibus</span> <span class='ocrx_word' id='word_1_139' title='bbox 501 1846 650 1908; x_wconf 89' lang='lat' dir='ltr'>miraculo</span> <span class='ocrx_word' id='word_1_140' title='bbox 663 1847 717 1919; x_wconf 88' lang='lat' dir='ltr'>rei,</span> <span class='ocrx_word' id='word_1_141' title='bbox 731 1847 812 1908; x_wconf 91' lang='lat' dir='ltr'>unde</span> <span class='ocrx_word' id='word_1_142' title='bbox 825 1868 940 1910; x_wconf 90' lang='lat' dir='ltr'>novum</span> <span class='ocrx_word' id='word_1_143' title='bbox 952 1847 986 1909; x_wconf 92' lang='lat' dir='ltr'>in</span> <span class='ocrx_word' id='word_1_144' title='bbox 999 1849 1092 1911; x_wconf 88' lang='lat' dir='ltr'>Bruti</span> 
     </span>
     <span class='ocr_line' id='line_1_21' title="bbox 190 1926 1146 2008; baseline 0.005 -20"><span class='ocrx_word' id='word_1_145' title='bbox 190 1936 313 2006; x_wconf 89' lang='lat' dir='ltr'>pectore</span> <span class='ocrx_word' id='word_1_146' title='bbox 327 1928 491 2006; x_wconf 87' lang='lat' dir='ltr'>ingenium.</span> <span class='ocrx_word' id='word_1_147' title='bbox 533 1926 580 1989; x_wconf 91' lang='lat' dir='ltr'>Ut</span> <span class='ocrx_word' id='word_1_148' title='bbox 592 1936 789 2006; x_wconf 89' lang='lat' dir='ltr'>praeceptum</span> <span class='ocrx_word' id='word_1_149' title='bbox 799 1937 873 2001; x_wconf 89' lang='lat' dir='ltr'>erat,</span> <span class='ocrx_word' id='word_1_150' title='bbox 883 1929 1008 2008; x_wconf 87' lang='lat' dir='ltr'>jurant;</span> <span class='ocrx_word' id='word_1_151' title='bbox 1021 1931 1092 1992; x_wconf 89' lang='lat' dir='ltr'>toti·</span> <span class='ocrx_word' id='word_1_152' title='bbox 1106 1929 1146 1993; x_wconf 83' lang='lat'>20</span> 
     </span>
     <span class='ocr_line' id='line_1_22' title="bbox 191 2007 1091 2088; baseline 0.004 -21"><span class='ocrx_word' id='word_1_153' title='bbox 191 2027 251 2087; x_wconf 87' lang='lat' dir='ltr'>que</span> <span class='ocrx_word' id='word_1_154' title='bbox 271 2007 310 2068; x_wconf 92' lang='lat' dir='ltr'>ab</span> <span class='ocrx_word' id='word_1_155' title='bbox 331 2007 417 2068; x_wconf 91' lang='lat' dir='ltr'>luctu</span> <span class='ocrx_word' id='word_1_156' title='bbox 438 2007 518 2070; x_wconf 90' lang='lat' dir='ltr'>versi</span> <span class='ocrx_word' id='word_1_157' title='bbox 541 2007 576 2067; x_wconf 93' lang='lat' dir='ltr'>in</span> <span class='ocrx_word' id='word_1_158' title='bbox 599 2007 687 2081; x_wconf 90' lang='lat' dir='ltr'>iram,</span> <span class='ocrx_word' id='word_1_159' title='bbox 712 2007 854 2082; x_wconf 89' lang='lat' dir='ltr'>Brutum,</span> <span class='ocrx_word' id='word_1_160' title='bbox 870 2010 937 2088; x_wconf 91' lang='lat' dir='ltr'>jam</span> <span class='ocrx_word' id='word_1_161' title='bbox 958 2009 1030 2071; x_wconf 87' lang='lat' dir='ltr'>inde</span> <span class='ocrx_word' id='word_1_162' title='bbox 1050 2011 1091 2071; x_wconf 91' lang='lat' dir='ltr'>ad</span> 
     </span>
     <span class='ocr_line' id='line_1_23' title="bbox 190 2088 1091 2168; baseline 0.002 -20"><span class='ocrx_word' id='word_1_163' title='bbox 190 2088 431 2168; x_wconf 81' lang='lat' dir='ltr'>expugnandum</span> <span class='ocrx_word' id='word_1_164' title='bbox 458 2107 587 2167; x_wconf 84' lang='lat' dir='ltr'>regnum</span> <span class='ocrx_word' id='word_1_165' title='bbox 609 2097 779 2162; x_wconf 88' lang='lat' dir='ltr'>vocantem,</span> <span class='ocrx_word' id='word_1_166' title='bbox 802 2097 947 2150; x_wconf 89' lang='lat' dir='ltr'>secuntur</span> <span class='ocrx_word' id='word_1_167' title='bbox 973 2089 1091 2151; x_wconf 86' lang='lat' dir='ltr'>ducem.</span> 
     </span>
     <span class='ocr_line' id='line_1_24' title="bbox 190 2167 1090 2248; baseline 0.002 -20"><span class='ocrx_word' id='word_1_168' title='bbox 190 2167 319 2228; x_wconf 88' lang='lat' dir='ltr'>Elatum</span> <span class='ocrx_word' id='word_1_169' title='bbox 340 2167 429 2228; x_wconf 92' lang='lat' dir='ltr'>domo</span> <span class='ocrx_word' id='word_1_170' title='bbox 448 2167 611 2228; x_wconf 87' lang='lat' dir='ltr'>Lucretiae</span> <span class='ocrx_word' id='word_1_171' title='bbox 634 2187 743 2248; x_wconf 89' lang='lat' dir='ltr'>corpus</span> <span class='ocrx_word' id='word_1_172' title='bbox 765 2168 798 2228; x_wconf 91' lang='lat' dir='ltr'>in</span> <span class='ocrx_word' id='word_1_173' title='bbox 819 2168 919 2228; x_wconf 90' lang='lat' dir='ltr'>forum</span> <span class='ocrx_word' id='word_1_174' title='bbox 941 2168 1090 2239; x_wconf 82' lang='lat' dir='ltr'>deferunt,</span> 
     </span>
     <span class='ocr_line' id='line_1_25' title="bbox 191 2246 1091 2329; baseline 0.001 -21"><span class='ocrx_word' id='word_1_175' title='bbox 191 2247 390 2326; x_wconf 83' lang='lat' dir='ltr'>concientque</span> <span class='ocrx_word' id='word_1_176' title='bbox 404 2246 561 2321; x_wconf 89' lang='lat' dir='ltr'>miraculo,</span> <span class='ocrx_word' id='word_1_177' title='bbox 575 2257 611 2308; x_wconf 93' lang='lat' dir='ltr'>ut</span> <span class='ocrx_word' id='word_1_178' title='bbox 623 2246 667 2321; x_wconf 89' lang='lat' dir='ltr'>fit,</span> <span class='ocrx_word' id='word_1_179' title='bbox 681 2247 726 2308; x_wconf 87' lang='lat' dir='ltr'>rei</span> <span class='ocrx_word' id='word_1_180' title='bbox 739 2267 837 2309; x_wconf 91' lang='lat' dir='ltr'>novae</span> <span class='ocrx_word' id='word_1_181' title='bbox 855 2257 946 2328; x_wconf 86' lang='lat' dir='ltr'>atquc</span> <span class='ocrx_word' id='word_1_182' title='bbox 959 2249 1091 2329; x_wconf 84' lang='lat' dir='ltr'>indigni-</span> 
     </span>
     <span class='ocr_line' id='line_1_26' title="bbox 190 2327 1145 2408; baseline 0.004 -20"><span class='ocrx_word' id='word_1_183' title='bbox 190 2337 256 2388; x_wconf 86' lang='lat' dir='ltr'>tate</span> <span class='ocrx_word' id='word_1_184' title='bbox 268 2327 414 2388; x_wconf 89' lang='lat' dir='ltr'>homines.</span> <span class='ocrx_word' id='word_1_185' title='bbox 451 2327 516 2388; x_wconf 88' lang='lat' dir='ltr'>Pro</span> <span class='ocrx_word' id='word_1_186' title='bbox 530 2347 562 2388; x_wconf 91' lang='lat' dir='ltr'>se</span> <span class='ocrx_word' id='word_1_187' title='bbox 576 2327 703 2406; x_wconf 88' lang='lat' dir='ltr'>quisque</span> <span class='ocrx_word' id='word_1_188' title='bbox 722 2327 819 2388; x_wconf 87' lang='lat' dir='ltr'>scelus</span> <span class='ocrx_word' id='word_1_189' title='bbox 839 2330 957 2408; x_wconf 84' lang='lat' dir='ltr'>regium</span> <span class='ocrx_word' id='word_1_190' title='bbox 977 2349 1013 2390; x_wconf 93' lang='lat' dir='ltr'>ac</span> <span class='ocrx_word' id='word_1_191' title='bbox 1026 2331 1091 2391; x_wconf 88' lang='lat' dir='ltr'>vim</span> <span class='ocrx_word' id='word_1_192' title='bbox 1105 2331 1145 2393; x_wconf 83' lang='lat'>25</span> 
     </span>
     <span class='ocr_line' id='line_1_27' title="bbox 191 2407 1091 2486; baseline 0.003 -19"><span class='ocrx_word' id='word_1_193' title='bbox 191 2415 368 2486; x_wconf 90' lang='lat' dir='ltr'>queruntur.</span> <span class='ocrx_word' id='word_1_194' title='bbox 402 2407 508 2468; x_wconf 89' lang='lat' dir='ltr'>Movet</span> <span class='ocrx_word' id='word_1_195' title='bbox 522 2427 592 2467; x_wconf 92' lang='lat' dir='ltr'>cum</span> <span class='ocrx_word' id='word_1_196' title='bbox 606 2407 701 2486; x_wconf 83' lang='lat' dir='ltr'>patrie</span> <span class='ocrx_word' id='word_1_197' title='bbox 715 2407 875 2482; x_wconf 86' lang='lat' dir='ltr'>maestitia,</span> <span class='ocrx_word' id='word_1_198' title='bbox 889 2418 955 2469; x_wconf 89' lang='lat' dir='ltr'>tum</span> <span class='ocrx_word' id='word_1_199' title='bbox 975 2408 1091 2471; x_wconf 90' lang='lat' dir='ltr'>Brutus</span> 
     </span>
     <span class='ocr_line' id='line_1_28' title="bbox 190 2486 1089 2568; baseline 0.003 -21"><span class='ocrx_word' id='word_1_200' title='bbox 190 2487 356 2566; x_wconf 85' lang='lat' dir='ltr'>castigator</span> <span class='ocrx_word' id='word_1_201' title='bbox 382 2486 578 2548; x_wconf 90' lang='lat' dir='ltr'>lacrimarum</span> <span class='ocrx_word' id='word_1_202' title='bbox 598 2496 690 2566; x_wconf 88' lang='lat' dir='ltr'>atque</span> <span class='ocrx_word' id='word_1_203' title='bbox 710 2487 853 2548; x_wconf 86' lang='lat' dir='ltr'>inertium</span> <span class='ocrx_word' id='word_1_204' title='bbox 875 2489 1089 2568; x_wconf 90' lang='lat' dir='ltr'>querellarum,</span> 
     </span>
     <span class='ocr_line' id='line_1_29' title="bbox 190 2567 1090 2646; baseline 0.004 -20"><span class='ocrx_word' id='word_1_205' title='bbox 190 2577 364 2646; x_wconf 82' lang='lat' dir='ltr'>auctorque,</span> <span class='ocrx_word' id='word_1_206' title='bbox 379 2567 460 2646; x_wconf 91' lang='lat' dir='ltr'>quod</span> <span class='ocrx_word' id='word_1_207' title='bbox 473 2567 563 2640; x_wconf 89' lang='lat' dir='ltr'>viros,</span> <span class='ocrx_word' id='word_1_208' title='bbox 579 2567 660 2645; x_wconf 93' lang='lat' dir='ltr'>quod</span> <span class='ocrx_word' id='word_1_209' title='bbox 680 2567 835 2628; x_wconf 89' lang='lat' dir='ltr'>Romanos</span> <span class='ocrx_word' id='word_1_210' title='bbox 855 2567 983 2642; x_wconf 84' lang='lat' dir='ltr'>deceret,</span> <span class='ocrx_word' id='word_1_211' title='bbox 1003 2590 1090 2630; x_wconf 89' lang='lat' dir='ltr'>arma</span> 
     </span>
     <span class='ocr_line' id='line_1_30' title="bbox 191 2647 1089 2728; baseline 0.003 -21"><span class='ocrx_word' id='word_1_212' title='bbox 191 2647 331 2727; x_wconf 90' lang='lat' dir='ltr'>capiendi</span> <span class='ocrx_word' id='word_1_213' title='bbox 345 2647 490 2708; x_wconf 87' lang='lat' dir='ltr'>adversus</span> <span class='ocrx_word' id='word_1_214' title='bbox 504 2647 628 2708; x_wconf 88' lang='lat' dir='ltr'>hostilia</span> <span class='ocrx_word' id='word_1_215' title='bbox 642 2667 738 2708; x_wconf 88' lang='lat' dir='ltr'>ausos.</span> <span class='ocrx_word' id='word_1_216' title='bbox 780 2648 996 2710; x_wconf 84' lang='lat' dir='ltr'>Ferocissimus</span> <span class='ocrx_word' id='word_1_217' title='bbox 1010 2652 1089 2728; x_wconf 87' lang='lat' dir='ltr'>quis·</span> 
     </span>
     <span class='ocr_line' id='line_1_31' title="bbox 190 2727 1144 2808; baseline 0.007 -22"><span class='ocrx_word' id='word_1_218' title='bbox 190 2747 248 2806; x_wconf 92' lang='lat' dir='ltr'>que</span> <span class='ocrx_word' id='word_1_219' title='bbox 263 2727 413 2806; x_wconf 88' lang='lat' dir='ltr'>juvenum</span> <span class='ocrx_word' id='word_1_220' title='bbox 435 2747 505 2787; x_wconf 92' lang='lat' dir='ltr'>cum</span> <span class='ocrx_word' id='word_1_221' title='bbox 525 2728 618 2787; x_wconf 90' lang='lat' dir='ltr'>armis</span> <span class='ocrx_word' id='word_1_222' title='bbox 634 2727 825 2788; x_wconf 88' lang='lat' dir='ltr'>voluntarius</span> <span class='ocrx_word' id='word_1_223' title='bbox 846 2728 939 2802; x_wconf 90' lang='lat' dir='ltr'>adest,</span> <span class='ocrx_word' id='word_1_224' title='bbox 953 2731 1089 2808; x_wconf 87' lang='lat' dir='ltr'>sequitur</span> <span class='ocrx_word' id='word_1_225' title='bbox 1104 2730 1144 2794; x_wconf 86' lang='lat'>30</span> 
     </span>
     <span class='ocr_line' id='line_1_32' title="bbox 190 2806 1089 2886; baseline 0.006 -20"><span class='ocrx_word' id='word_1_226' title='bbox 190 2815 220 2867; x_wconf 88' lang='lat' dir='ltr'>et</span> <span class='ocrx_word' id='word_1_227' title='bbox 233 2816 333 2868; x_wconf 88' lang='lat' dir='ltr'>cetera</span> <span class='ocrx_word' id='word_1_228' title='bbox 348 2807 502 2886; x_wconf 86' lang='lat' dir='ltr'>juventus.</span> <span class='ocrx_word' id='word_1_229' title='bbox 545 2806 622 2867; x_wconf 89' lang='lat' dir='ltr'>Inde</span> <span class='ocrx_word' id='word_1_230' title='bbox 636 2817 722 2885; x_wconf 87' lang='lat' dir='ltr'>parte</span> <span class='ocrx_word' id='word_1_231' title='bbox 736 2807 886 2886; x_wconf 89' lang='lat' dir='ltr'>praesidio</span> <span class='ocrx_word' id='word_1_232' title='bbox 900 2809 1008 2870; x_wconf 88' lang='lat' dir='ltr'>relicta</span> <span class='ocrx_word' id='word_1_233' title='bbox 1021 2809 1089 2871; x_wconf 79' lang='lat'>001-</span> 
     </span>
     <span class='ocr_line' id='line_1_33' title="bbox 190 2885 1089 2968; baseline 0.007 -23"><span class='ocrx_word' id='word_1_234' title='bbox 190 2885 283 2946; x_wconf 89' lang='lat' dir='ltr'>latiae</span> <span class='ocrx_word' id='word_1_235' title='bbox 305 2886 346 2946; x_wconf 90' lang='lat' dir='ltr'>ad</span> <span class='ocrx_word' id='word_1_236' title='bbox 372 2896 475 2964; x_wconf 83' lang='lat' dir='ltr'>portas</span> <span class='ocrx_word' id='word_1_237' title='bbox 500 2885 734 2965; x_wconf 88' lang='lat' dir='ltr'>custodibusque</span> <span class='ocrx_word' id='word_1_238' title='bbox 758 2888 848 2960; x_wconf 87' lang='lat' dir='ltr'>datis,</span> <span class='ocrx_word' id='word_1_239' title='bbox 868 2907 907 2948; x_wconf 91' lang='lat' dir='ltr'>ne</span> <span class='ocrx_word' id='word_1_240' title='bbox 931 2889 1089 2968; x_wconf 86' lang='lat' dir='ltr'>quiscum</span> 
     </span>
     <span class='ocr_line' id='line_1_34' title="bbox 189 2965 1089 3044; baseline 0.006 -18"><span class='ocrx_word' id='word_1_241' title='bbox 189 2976 306 3027; x_wconf 93' lang='lat' dir='ltr'>motum</span> <span class='ocrx_word' id='word_1_242' title='bbox 323 2965 444 3044; x_wconf 85' lang='lat' dir='ltr'>regibus</span> <span class='ocrx_word' id='word_1_243' title='bbox 464 2967 629 3040; x_wconf 90' lang='lat' dir='ltr'>nuntiaret,</span> <span class='ocrx_word' id='word_1_244' title='bbox 644 2966 736 3026; x_wconf 86' lang='lat' dir='ltr'>ceteri</span> <span class='ocrx_word' id='word_1_245' title='bbox 755 2966 876 3042; x_wconf 89' lang='lat' dir='ltr'>armati,</span> <span class='ocrx_word' id='word_1_246' title='bbox 890 2967 967 3030; x_wconf 92' lang='lat' dir='ltr'>duce</span> <span class='ocrx_word' id='word_1_247' title='bbox 980 2968 1089 3043; x_wconf 89' lang='lat' dir='ltr'>Bruto,</span> 
     </span>
     <span class='ocr_line' id='line_1_35' title="bbox 189 3044 1090 3128; baseline 0.004 -22"><span class='ocrx_word' id='word_1_248' title='bbox 189 3045 319 3118; x_wconf 88' lang='lat' dir='ltr'>Romam</span> <span class='ocrx_word' id='word_1_249' title='bbox 344 3045 480 3125; x_wconf 89' lang='lat' dir='ltr'>profecti.</span> <span class='ocrx_word' id='word_1_250' title='bbox 521 3044 586 3107; x_wconf 91' lang='lat' dir='ltr'>Ubi</span> <span class='ocrx_word' id='word_1_251' title='bbox 610 3065 647 3106; x_wconf 88' lang='lat' dir='ltr'>co</span> <span class='ocrx_word' id='word_1_252' title='bbox 670 3055 796 3108; x_wconf 89' lang='lat' dir='ltr'>ventum</span> <span class='ocrx_word' id='word_1_253' title='bbox 821 3057 875 3120; x_wconf 89' lang='lat' dir='ltr'>est,</span> <span class='ocrx_word' id='word_1_254' title='bbox 897 3068 1090 3128; x_wconf 91' lang='lat' dir='ltr'>quacumque</span> 
     </span>
     <span class='ocr_line' id='line_1_36' title="bbox 188 3124 1142 3204; baseline 0.006 -20"><span class='ocrx_word' id='word_1_255' title='bbox 188 3125 304 3186; x_wconf 91' lang='lat' dir='ltr'>incedit</span> <span class='ocrx_word' id='word_1_256' title='bbox 331 3134 450 3185; x_wconf 89' lang='lat' dir='ltr'>armata</span> <span class='ocrx_word' id='word_1_257' title='bbox 476 3124 652 3199; x_wconf 84' lang='lat' dir='ltr'>multitudo,</span> <span class='ocrx_word' id='word_1_258' title='bbox 680 3145 825 3204; x_wconf 86' lang='lat' dir='ltr'>pavorem</span> <span class='ocrx_word' id='word_1_259' title='bbox 856 3147 894 3188; x_wconf 89' lang='lat' dir='ltr'>ac</span> <span class='ocrx_word' id='word_1_260' title='bbox 920 3129 1088 3190; x_wconf 88' lang='lat' dir='ltr'>tumultum</span> <span class='ocrx_word' id='word_1_261' title='bbox 1103 3127 1142 3190; x_wconf 85' lang='lat'>35</span> 
     </span>
     <span class='ocr_line' id='line_1_37' title="bbox 187 3202 1088 3284; baseline 0.004 -20"><span class='ocrx_word' id='word_1_262' title='bbox 187 3205 279 3276; x_wconf 80' lang='lat' dir='ltr'>facit3</span> <span class='ocrx_word' id='word_1_263' title='bbox 300 3224 412 3278; x_wconf 89' lang='lat' dir='ltr'>rursus,</span> <span class='ocrx_word' id='word_1_264' title='bbox 433 3202 487 3263; x_wconf 93' lang='lat' dir='ltr'>ubi</span> <span class='ocrx_word' id='word_1_265' title='bbox 508 3205 624 3264; x_wconf 85' lang='lat' dir='ltr'>anteire</span> <span class='ocrx_word' id='word_1_266' title='bbox 648 3205 793 3284; x_wconf 88' lang='lat' dir='ltr'>primores</span> <span class='ocrx_word' id='word_1_267' title='bbox 818 3204 950 3268; x_wconf 88' lang='lat' dir='ltr'>civitatis</span> <span class='ocrx_word' id='word_1_268' title='bbox 972 3208 1088 3281; x_wconf 89' lang='lat' dir='ltr'>vident,</span> 
     </span>
     <span class='ocr_line' id='line_1_38' title="bbox 188 3283 1088 3363; baseline 0.004 -21"><span class='ocrx_word' id='word_1_269' title='bbox 188 3283 337 3363; x_wconf 91' lang='lat' dir='ltr'>quidquid</span> <span class='ocrx_word' id='word_1_270' title='bbox 350 3284 399 3356; x_wconf 88' lang='lat' dir='ltr'>sit,</span> <span class='ocrx_word' id='word_1_271' title='bbox 409 3283 494 3343; x_wconf 90' lang='lat' dir='ltr'>haud</span> <span class='ocrx_word' id='word_1_272' title='bbox 508 3293 621 3344; x_wconf 89' lang='lat' dir='ltr'>temere</span> <span class='ocrx_word' id='word_1_273' title='bbox 633 3305 695 3344; x_wconf 87' lang='lat' dir='ltr'>esse</span> <span class='ocrx_word' id='word_1_274' title='bbox 709 3294 823 3346; x_wconf 90' lang='lat' dir='ltr'>rentur.</span> <span class='ocrx_word' id='word_1_275' title='bbox 865 3287 930 3346; x_wconf 89' lang='lat' dir='ltr'>Nec</span> <span class='ocrx_word' id='word_1_276' title='bbox 941 3287 1088 3347; x_wconf 92' lang='lat' dir='ltr'>minorem</span> 
     </span>
     <span class='ocr_line' id='line_1_39' title="bbox 187 3363 1088 3443; baseline -0.002 -19"><span class='ocrx_word' id='word_1_277' title='bbox 187 3374 304 3425; x_wconf 90' lang='lat' dir='ltr'>motum</span> <span class='ocrx_word' id='word_1_278' title='bbox 320 3364 492 3425; x_wconf 86' lang='lat' dir='ltr'>animorum</span> <span class='ocrx_word' id='word_1_279' title='bbox 509 3363 627 3424; x_wconf 87' lang='lat' dir='ltr'>Rornae</span> <span class='ocrx_word' id='word_1_280' title='bbox 646 3373 711 3424; x_wconf 90' lang='lat' dir='ltr'>tam</span> <span class='ocrx_word' id='word_1_281' title='bbox 731 3373 822 3424; x_wconf 86' lang='lat' dir='ltr'>atrox</span> <span class='ocrx_word' id='word_1_282' title='bbox 835 3384 882 3424; x_wconf 89' lang='lat' dir='ltr'>res</span> <span class='ocrx_word' id='word_1_283' title='bbox 896 3365 980 3436; x_wconf 88' lang='lat' dir='ltr'>facit,</span> <span class='ocrx_word' id='word_1_284' title='bbox 995 3385 1088 3443; x_wconf 92' lang='lat' dir='ltr'>quam</span> 
     </span>
    </p>
   </div>
   <div class='ocr_carea' id='block_1_3' title="bbox 0 0 1290 3790">
    <p class='ocr_par' dir='ltr' id='par_1_3' title="bbox 0 0 1290 3790">
     <span class='ocr_line' id='line_1_40' title="bbox 0 0 1290 3790; baseline 0 3"><span class='ocrx_word' id='word_1_285' title='bbox 0 0 1290 3790; x_wconf 95' lang='lat' dir='ltr'> </span> 
     </span>
    </p>
   </div>
  </div>
 </body>
</html>
