2628 3796
136 231 200 300 218
302 250 392 299 nrnr
417 250 515 301 nrvr
540 250 596 298 nn
621 250 738 301 vnnn
763 251 958 300 connrnn

188 404 224 468 P.
243 405 414 487 Scipionem
436 407 562 469 deorum
584 408 803 488 hominumque
824 427 970 469 consensu
991 428 1096 488 perve-

187 487 275 561 nisse,
289 496 325 548 ut
344 487 400 548 sub
415 488 519 548 rostris
533 509 618 549 reum
629 497 709 548 stare
722 498 753 549 et
767 488 911 568 praebere
924 508 1011 550 aures
1023 489 1097 550 ado-

188 565 366 628 lescentium
388 567 532 630 conviciis
552 568 666 648 populo
688 569 829 630 Romano
848 569 946 649 magis
960 567 1096 630 deforme

209 647 304 708 uami
341 648 414 708 isit

155 669 208 788 ὃ(1
228 727 293 787 LII
313 773 320 788 .
361 726 486 807 Adjecit
505 727 626 789 decreto
646 727 897 807 indignationem.
938 732 956 762 ‘⁴
966 727 1031 789 Sub
1044 747 1096 808 pe-

188 806 278 868 dibus
305 808 412 869 vestris
438 807 541 880 stabit,
567 807 694 880 tribuni,
721 807 854 869 domitor
886 807 940 868 ille
966 807 1095 870 Africae

188 885 309 966 Scipio?
348 886 423 948 ideo
436 895 580 967 quattuor
601 887 804 948 nobilissimos
816 887 908 949 duces
922 888 1095 950 Poenorum

188 966 222 1027 in
249 967 412 1046 Hispania,
436 975 581 1046 quattuor
608 967 760 1028 exercitus
787 967 870 1029 fudit
896 966 1094 1047 fugavitque3

188 1047 256 1108 ideo
276 1047 448 1128 Syphacem
468 1047 558 1126 cepit,
572 1047 783 1126 Hannibalem
796 1047 920 1120 devicit,
935 1047 1095 1127 Carthagi·

135 1128 175 1190 10
189 1147 258 1188 nem
271 1127 452 1207 vectigalem
467 1127 554 1188 nobis
567 1127 647 1200 fecit,
661 1127 852 1190 Antiochum
868 1127 997 1207 (recepit
1010 1127 1094 1189 enim

187 1209 314 1268 fratrem
328 1217 495 1269 consortem
510 1207 600 1289 hujus
634 1208 730 1269 leriae
743 1207 780 1270 L
791 1207 909 1287 Scipio)
924 1209 1008 1270 ultra
1015 1209 1095 1288 juga

187 1287 281 1349 Tauri
294 1289 417 1361 emovit,
432 1297 467 1349 ut
480 1288 599 1350 duobus
613 1229 744 1349 ierithis
757 1287 991 1350 subcumberetl
1028 1288 1094 1350 Vos

187 1368 226 1429 de
243 1368 278 1429 P.
292 1368 442 1430 Africano
455 1368 589 1447 palmam
603 1369 667 1448 peti
680 1368 803 1430 feretis?
843 1368 875 1429 N
877 1368 987 1430 ullisne
1005 1369 1094 1430 meri·

188 1449 226 1510 tis
249 1450 320 1524 suis,
340 1450 434 1511 nullis
455 1450 562 1512 vestris
586 1447 752 1511 honoribus
771 1468 917 1528 umquam
937 1449 972 1510 in
990 1469 1094 1511 arcem

134 1530 286 1592 lutatam
307 1539 337 1593 et
350 1534 437 1593 velut
456 1540 594 1592 sanctam
614 1530 691 1592 clari
704 1529 765 1593 viri
784 1529 972 1609 pervenient,
990 1529 1095 1603 ubi,si

185 1631 247 1672 non
275 1613 466 1686 venerabilis,
494 1612 643 1674 inviolata
675 1611 784 1674 saltem
818 1618 957 1672 senectus
986 1631 1094 1672 eorum

186 1692 344 1755 considat?
354 1693 371 1722 ''
412 1693 513 1755 Movit
526 1702 557 1754 et
570 1693 726 1754 decretum
739 1700 770 1754 et
783 1691 905 1772 adjecta
916 1690 1015 1752 oratio
1030 1710 1095 1752 non

186 1782 300 1834 ceteros
314 1774 413 1847 modo,
427 1774 478 1835 sed
493 1774 572 1852 ipsos
586 1774 679 1834 etiam
691 1780 890 1845 accusatores,
901 1778 933 1832 et
945 1770 1095 1833 delibera-

186 1861 271 1914 turos
290 1873 330 1928 se,
346 1854 419 1934 quid
434 1854 479 1915 sui
497 1854 577 1934 juris
591 1862 622 1914 et
634 1851 726 1915 officii
746 1859 832 1926 esset,
846 1851 1003 1914 dixerunt.
1042 1851 1095 1912 Se·

133 1931 173 1996 20
186 1943 277 1995 natus
298 1934 417 2009 deinde,
432 1934 562 1996 concilio
584 1933 682 2013 plebis
703 1933 835 2007 dimisso,
849 1931 957 1994 haberi
969 1939 1015 1992 est
1028 1951 1094 1992 coe·

185 2023 266 2094 ptus.
319 2014 370 2076 Ibi
402 2016 520 2095 gratiae
552 2014 690 2093 ingentes
723 2013 763 2075 ab
799 2013 942 2075 universo
977 2011 1094 2087 ordine,

185 2094 350 2175 praecipue
368 2115 388 2156 a
409 2093 618 2157 consularibus
637 2092 874 2172 senioribusque,
889 2092 935 2153 Ti.
951 2089 1093 2154 Graccho

186 2183 275 2237 actae
287 2183 367 2250 sunt,
402 2176 462 2237 uod
477 2173 715 2253 rempublicam
736 2173 866 2253 privatis
885 2171 1093 2233 simultatibus

186 2255 333 2334 potiorem
354 2256 395 2316 ha
417 2256 524 2328 uisset;
553 2263 584 2315 et
605 2253 724 2315 Petillii
744 2253 850 2316 vexati
871 2261 943 2313 sunt
963 2250 1093 2330 probris,

133 2331 172 2394 25
207 2335 267 2396 uod
281 2334 440 2416 splendere
453 2335 555 2396 aliena
574 2334 695 2396 invidia
708 2333 876 2396 voluissent
889 2342 919 2394 et
932 2332 1031 2411 spolia
1051 2352 1093 2392 ex

217 2414 329 2476 fricani
357 2415 513 2495 triumpho
539 2423 686 2494 peterent.
727 2412 891 2475 Silentium
918 2411 1027 2472 deinde
1053 2411 1094 2472 de

185 2492 335 2556 Africano
362 2496 430 2556 fuit
480 2495 587 2557 Vitam
614 2493 735 2555 Literni
762 2493 826 2574 egit
851 2492 917 2554 sine
943 2491 1093 2554 desiderio

186 2574 280 2636 urbis.
321 2575 504 2636 Morientem
525 2594 597 2635 rure
618 2595 653 2635 eo
676 2575 741 2654 ipso
763 2573 831 2635 loco
844 2571 966 2653 sepeliri
978 2592 1011 2632 se
1028 2572 1092 2651 jus·

185 2654 257 2714 sisse
270 2655 374 2717 ferunt
393 2665 683 2734 monumentumque
703 2653 748 2715 ibi
768 2653 932 2725 aedificari,
946 2671 986 2712 ne
999 2652 1094 2712 funus

132 2729 172 2796 30
185 2733 244 2795 sibi
258 2735 291 2795 in
305 2736 425 2815 ingrata
440 2736 541 2814 patria
553 2734 646 2795 fieret.
688 2732 749 2795 Vir
761 2731 985 2804 memorabilis;
1006 2730 1093 2792 belli-

186 2815 229 2875 cis
242 2823 345 2877 tamen
359 2835 450 2895 quam
464 2815 547 2894 pacis
568 2814 685 2874 artibus
704 2812 944 2887 memorabilior,
982 2816 1010 2874 et
1047 2813 1094 2873 io·

186 2896 303 2958 luetm'or
339 2897 439 2975 prima
459 2915 529 2975 pars
543 2895 626 2955 vitae
646 2913 738 2973 quam
759 2902 913 2972 postrema
932 2891 1002 2965 fuit,
1015 2891 1093 2971 quia

185 2973 218 3034 in
234 2977 364 3056 juventa
379 2975 460 3036 bella
473 2975 600 3036 adsidue
616 2983 791 3053 gasta,cum
810 2981 932 3034 senecta
952 2991 998 3033 res
1018 2992 1093 3050 quo-

185 3074 243 3132 que
254 3055 420 3116 defloruere
430 3075 485 3116 nec
497 3055 635 3133 praebita
646 3062 690 3114 est
700 3053 829 3114 materia
838 3051 970 3132 ingenio.
1004 3050 1093 3128 Quid

131 3131 171 3192 et
185 3136 224 3194 ad
245 3135 376 3212 primum
399 3135 591 3195 consulatum
612 3134 770 3207 secundus,
784 3133 917 3194 etiamsi
931 3151 1092 3193 censuram

106 3258 110 3266 .
184 3213 321 3272 adicias?
341 3212 414 3290 quid
430 3213 569 3273 Asiatica
590 3213 712 3292 legatio,
726 3223 757 3275 et
771 3212 948 3275 valetudine
961 3211 1093 3273 adversa

183 3289 302 3350 inutilis
316 3299 346 3350 et
359 3291 416 3349 filii
431 3311 502 3351 casu
523 3292 693 3353 deformata
707 3301 819 3372 etpost
837 3293 971 3353 reditum
992 3311 1093 3352 neces·

182 3367 273 3426 sitate
286 3378 341 3427 aut
354 3369 503 3429 subeundi
512 3371 624 3448 judieii
638 3371 798 3433 autsimul
813 3392 882 3432 cum
898 3372 999 3450 patria
1009 3370 1093 3431 dese·

183 3444 294 3505 rendi?
334 3445 444 3508 Punici
465 3457 569 3510 tamen
594 3450 667 3511 belli
690 3452 865 3532 perpetrati,
887 3471 948 3530 quo
968 3449 1093 3511 nullum
