2628 3796
404 269 539 318 menn
563 270 764 338 xxxv111‚
787 255 840 339 53,
857 257 910 321 56.
1102 255 1169 322 219

208 445 305 506 neque
318 425 416 506 majus
430 447 527 506 neque
540 427 737 507 periculosius
751 427 883 489 Romani
897 447 1113 508 gesseramus

207 507 403 646 praecipuam
416 506 545 586 gloriam
560 506 639 569 tulit.

247 586 309 647 LV
328 633 336 647 .
377 586 481 647 Multa
494 587 557 648 alia
571 587 603 647 in
617 587 768 668 Scipionis
782 587 867 648 exitu
883 588 1018 649 maxime
1028 589 1112 650 vitae

207 665 316 745 dieque
329 665 422 738 dicta,
434 677 540 741 morte,
550 667 665 741 funere,
678 667 826 747 sepulcro,
837 667 869 727 in
883 667 1038 730 diversum
1052 677 1112 730 tra·

207 744 295 818 hunt,
318 755 363 820 nt,
385 746 436 806 cni
459 747 568 822 famae,
590 745 701 826 quibus
724 747 843 827 scriptis
866 747 1029 822 adsentiar,
1050 769 1111 810 nou
1146 748 1166 810 5

206 824 346 886 habeam.
386 825 458 886 Non
479 826 517 887 de
537 835 713 888 accusatore
726 827 869 890 convenit
883 827 952 902 (alii
973 828 1017 889 M.
1032 827 1112 889 Nae·

206 905 301 978 vium,
322 904 377 965 alii
401 905 539 968 Petillios
562 907 643 968 diem
668 907 782 968 dixisse
804 906 968 983 scribunt),
988 928 1050 969 non
1074 909 1113 969 de

205 994 350 1064 tempore,
381 1006 421 1046 uc
435 986 518 1048 dicta
532 987 596 1048 dies
609 987 657 1062 sit,
671 1007 732 1048 non
747 987 785 1048 de
798 1007 888 1061 anno,
902 1008 961 1068 quo
975 997 1112 1050 mortuus

204 1065 330 1136 sitnon
351 1085 371 1125 u
394 1065 405 1125 i
425 1077 561 1128 mortuus
581 1076 636 1129 aut
655 1067 754 1128 elatus
773 1067 829 1139 sit;
850 1067 904 1128 alii
918 1068 1043 1141 Romae,
1057 1067 1112 1130 alii

206 1144 327 1204 Literni
341 1153 372 1206 et
386 1156 540 1207 mortuum
560 1155 592 1208 et
610 1146 773 1227 sepultum.
815 1146 987 1227 Utrobique
1008 1147 1166 1212 monn-10

205 1234 310 1286 menta
330 1226 532 1287 ostenduntur
545 1237 575 1288 et
588 1237 724 1300 statuae3
744 1247 815 1288 narn
830 1235 860 1288 et
874 1227 994 1289 Literni
1008 1247 1112 1289 monu-

204 1315 341 1366 mentum
373 1316 628 1387 monumenthuc
660 1317 762 1368 statua
794 1307 1017 1386 superinposita
1043 1307 1111 1382 fuit,

204 1405 297 1464 quarn
325 1394 503 1466 tempestate
530 1386 678 1468 dejectam
704 1407 803 1467 nuper
826 1387 958 1448 vidimus
985 1387 1053 1466 ipsi,
1081 1397 1113 1449 et

205 1465 323 1526 Romae
337 1476 427 1527 extra
446 1475 566 1546 portam
581 1466 736 1547 Capenam
756 1467 789 1526 in
810 1466 860 1528 Sci
883 1466 988 1528 ionum
1008 1486 1112 1527 monu-

204 1554 307 1607 mento
322 1553 382 1606 tres
402 1556 521 1608 statuae
533 1555 614 1621 sunt,
628 1566 759 1627 quarum
773 1547 852 1607 duae
894 1592 902 1606 .
916 1554 947 1607 et
961 1546 999 1607 L.
1014 1546 1064 1608 Sci
1088 1547 1110 1606 i·
1126 1548 1166 1611 15

204 1645 299 1686 onum
324 1625 471 1687 dicuutur
493 1647 564 1701 esse,
589 1627 681 1688 tertia
704 1635 811 1706 poetae
835 1627 875 1703 Q.
899 1625 1005 1688 Ennii.
1078 1647 1112 1688 ec

204 1704 286 1767 inter
299 1705 460 1800 scriptores
473 1726 575 1767 rerum
596 1707 748 1786 discrepat
767 1705 875 1777 solnm,
889 1706 942 1767 sed
962 1707 1125 1774 orationes¹

204 1805 335 1866 quoque,
349 1805 375 1847 s1
394 1786 485 1848 modo
503 1787 513 1846 i
551 1807 637 1848 orum
651 1796 732 1860 sunt,
746 1806 824 1866 quae
838 1786 987 1860 feruntur,
1001 1787 1036 1848 P.
1052 1787 1113 1848 Sci·

203 1866 304 1947 pionis
318 1875 349 1927 et
361 1865 407 1928 Ti.
422 1865 522 1928 Gracc
545 1867 566 1941 i,
579 1867 744 1928 abhorrent
758 1867 837 1927 inter
851 1885 890 1928 se.
932 1866 1032 1928 Index
1046 1887 1111 1928 cra-

204 1947 298 2008 tionis
322 1945 357 2007 P.
378 1945 527 2026 Scipionis
547 1965 658 2010 nomen
678 1947 723 2008 M.
744 1946 856 2009 Naevii
876 1946 994 2008 tribuni
1014 1947 1111 2027 plebis
1126 1948 1168 2012 20

204 2025 309 2100 habet,
323 2027 389 2106 ipsa
402 2027 499 2088 oratio
511 2026 578 2089 sine
595 2028 718 2090 nomine
737 2035 782 2088 est
802 2027 985 2089 accusatoris
994 2047 1002 2100 ;
1022 2027 1112 2089 modo

204 2106 397 2181 nebulonem,
411 2107 502 2169 modo
521 2117 700 2188 nugatorem
722 2107 867 2187 adpellat.
908 2106 958 2168 Nc
977 2105 1112 2168 Gracchi

205 2186 329 2266 quidem
343 2188 441 2249 oratio
461 2194 516 2249 ant
535 2188 730 2249 Petilliorum
746 2195 955 2249 accusatorum
969 2185 1113 2248 Africani

205 2275 261 2328 aut
288 2265 349 2328 diei
377 2267 477 2329 dictae
499 2266 649 2329 Africano
675 2268 772 2329 ullam
800 2268 983 2329 mentionem
1010 2265 1112 2328 habet.

205 2345 281 2408 Alia
300 2355 366 2408 tcta
385 2347 512 2408 serenda
526 2347 633 2409 fabula
645 2356 690 2409 est
704 2347 838 2409 Gracchi
853 2347 983 2409 orationi
1004 2367 1112 2409 conve·
1127 2349 1166 2410 25

204 2427 301 2500 niens,
315 2435 346 2487 et
359 2426 408 2487 illi
421 2436 559 2489 auctores
579 2427 724 2508 sequendi
744 2436 825 2501 sunt,
838 2427 901 2506 qui,
915 2446 985 2487 cnm
999 2426 1036 2488 L.
1052 2427 1113 2487 Sci·

205 2506 257 2586 pio
272 2515 303 2567 et
322 2515 481 2568 accusatus
494 2515 525 2568 et
538 2507 701 2569 damnatus
720 2507 761 2569 sit
819 2505 926 2567 cuniae
945 2516 1053 2586 captae
1073 2506 1112 2566 ab

205 2605 285 2665 rege,
299 2585 435 2666 legatum
455 2587 489 2647 in
509 2587 638 2648 Etruria
657 2587 750 2649 fnisse
802 2587 953 2648 fricanum
975 2587 1111 2660 tradunt,
1158 2587 1162 2594 ’

204 2687 265 2746 quo
279 2674 347 2746 post
359 2667 474 2728 famam
487 2667 527 2729 de
540 2687 612 2729 casu
625 2667 730 2728 fratris
748 2666 895 2741 adlatam,
910 2665 1017 2728 relicta
1032 2666 1111 2745 lega

205 2747 297 2819 tione,
312 2747 479 2808 cucurrisse
493 2767 563 2808 eum
580 2747 722 2821 Romam,
735 2757 775 2821 et,
789 2767 859 2808 cum
880 2767 899 2807 a
919 2756 1008 2826 porta
1028 2756 1111 2808 recta
1126 2748 1165 2810 30

204 2826 244 2887 ad
258 2826 358 2887 forum
371 2847 403 2888 se
417 2828 602 2902 contulisset,
615 2827 698 2908 quod
712 2828 745 2887 in
759 2827 885 2889 vincula
899 2826 970 2887 duci
984 2826 1110 2887 fratrem

104 2979 117 2986 ,
204 2906 320 2967 dictum
335 2916 410 2981 erat,
424 2928 457 2968 re
478 2907 591 2987 pulisse
603 2927 623 2968 a
636 2927 763 2987 corpore
776 2908 840 2988 ejus
853 2907 1001 2969 viatorem
1016 2915 1046 2967 et
1059 2907 1112 2967 tri·

203 2985 294 3046 bunis
313 2927 515 3049 retinentibus
537 2988 635 3067 magis
657 2988 706 3067 pie
727 3007 821 3068 quam
843 2986 976 3049 civiliter
988 2986 1052 3048 vim
1070 2986 1111 3046 fe-

204 3066 287 3126 cisse.
329 3065 415 3128 Hinc
437 3068 518 3128 enim
540 3067 605 3148 ipse
626 3067 673 3129 Ti.
687 3067 846 3130 Gracchus
860 3068 1006 3146 queritur,
1020 3066 1111 3126 disso-

204 3144 303 3206 lutam
325 3165 387 3206 esse
408 3167 427 3207 a
448 3147 569 3226 privato
589 3147 787 3208 tribuniciam
810 3155 1000 3226 potestatem,
1021 3155 1051 3208 et
1071 3146 1110 3206 ad
1125 3147 1163 3209 35

203 3233 398 3306 postremum,
413 3247 483 3287 cum
497 3226 648 3288 auxilium
662 3226 700 3287 L.
715 3226 849 3306 Scipioni
864 3227 1036 3306 pollicetur,
1047 3226 1111 3286 adi-

203 3306 255 3380 cit,
269 3305 483 3367 tolerabilioris
497 3306 630 3386 exempli
645 3327 707 3366 esse
721 3327 740 3366 a
753 3306 877 3367 tribuno
891 3306 988 3384 plebis
1008 3306 1109 3384 potius

203 3406 296 3465 quam
311 3406 330 3446 a
344 3387 464 3465 privato
478 3387 594 3448 victam
607 3385 705 3447 videri
720 3394 750 3445 et
763 3385 960 3445 tribuniciam
981 3391 1109 3460 potesta·

203 3474 266 3526 tem
280 3475 310 3525 et
323 3485 387 3526 rem
402 3466 558 3545 publicam
580 3485 651 3526 esse.
692 3462 753 3524 Sed
767 3463 811 3523 ita
825 3462 905 3521 hanc
919 3480 1011 3519 unam
1026 3461 1110 3536 inpo-
