2616 3790
443 231 579 280 nrnnn
603 231 696 300 xxr,
722 215 853 286 13-15.
1104 221 1148 286 to

192 406 284 466 quam
309 385 460 448 trucidari
484 407 611 468 corpora
632 398 742 464 vestra,
767 390 835 470 rapi
857 389 1000 486 trahique
1022 399 1096 456 ante

192 487 246 530 ora
258 474 361 528 vestra
375 467 517 547 conjuges
531 489 567 529 ao
580 468 691 530 liberos
705 469 779 532 belli
788 472 859 551 jure
871 471 1007 534 sinatis.''

231 545 327 608 XIV.
368 545 423 606 Ad
446 547 522 610 haee
545 548 698 611 audienda
722 571 792 611 oum
816 551 1000 613 circumfusa
1023 571 1096 632 pau·

191 625 280 690 latim
308 625 508 689 multitudine
534 629 721 707 permixtum
748 632 867 692 senatui
890 640 966 692 esset
988 632 1096 713 populi

191 705 368 780 concilium,
394 716 519 786 repente
545 709 701 787 primores,
728 711 893 772 secessione
918 711 1010 786 faeta,
1033 713 1094 792 pri·
1128 712 1149 775 5

190 805 322 865 usquam
356 806 403 848 res
444 807 532 848 nsum
566 788 700 862 daretur,
730 810 766 851 ar
804 800 891 852 ntum
925 811 1095 872 aurumque

191 887 281 928 omne
302 886 343 926 ex
361 887 404 946 pu
426 866 487 928 lieo
511 867 693 948 privatoque
711 869 744 931 in
777 890 864 931 orum
885 871 1040 933 conlatum
1060 873 1093 934 in

191 947 295 1026 ignem
313 947 355 1008 ad
372 945 405 1005 id
420 948 534 1026 raptim
550 948 667 1010 factum
680 950 872 1024 conicientes,
886 951 990 1012 eodem
1003 951 1095 1032 pleri·

191 1047 251 1106 qne
266 1036 363 1088 semet
381 1026 440 1106 ipsi
456 1028 743 1107 praecipitaverunt.
784 1029 863 1092 Cum
883 1051 923 1092 ex
943 1051 979 1092 eo
998 1051 1096 1112 pavor

190 1127 229 1168 ac
246 1107 414 1188 trepidatio
432 1114 529 1170 totam
549 1108 656 1170 urbem
676 1109 864 1189 pervasisset,
878 1111 957 1172 ahos
970 1112 1095 1192 insuper
1108 1111 1148 1176 10

192 1187 344 1250 tumultus
362 1208 402 1248 ex
420 1207 491 1250 aree
511 1189 644 1251 auditur.
685 1189 791 1251 Turris
805 1190 858 1251 diu
873 1201 1014 1271 quassata
1026 1212 1095 1272 pro-

191 1267 319 1341 ciderat,
334 1289 448 1348 perque
460 1268 581 1330 ruinam
594 1270 658 1350 ejus
672 1271 779 1332 cohors
792 1269 963 1332 Poenorum
976 1273 1094 1353 impetn

192 1347 275 1408 fecto
297 1367 367 1409 eum
387 1349 508 1428 signum
529 1350 707 1430 imperatori
725 1349 856 1413 dedisset
871 1351 1020 1414 nudatam
1034 1361 1094 1416 sta·

192 1429 328 1490 tionibus
344 1429 547 1510 custodiisque
562 1430 661 1492 solitis
676 1431 810 1492 hostium
825 1451 888 1493 esse
903 1431 1019 1506 urbem,
1032 1453 1094 1494 non

193 1509 403 1572 cunctandum
423 1511 456 1570 in
476 1511 534 1572 tali
554 1512 711 1573 occasione
729 1521 814 1573 ratus
835 1511 1008 1586 Hannibal,
1022 1513 1094 1575 totis
1108 1513 1148 1576 15

193 1589 311 1651 viribus
331 1591 490 1672 adgressus
509 1591 617 1653 urbem
637 1601 790 1655 momento
808 1593 898 1673 cepit,
911 1593 998 1672 signo
1011 1593 1094 1668 dato,

193 1678 230 1730 ut
249 1691 353 1733 omnes
373 1672 501 1752 puberes
522 1673 772 1736 interficerentur.
814 1673 907 1752 Quod
930 1674 1092 1754 imperinm

193 1753 327 1827 crudele,
349 1763 483 1814 ceterum
505 1774 600 1850 propo
623 1755 824 1816 necessarium
847 1753 1005 1834 cognitum
1028 1754 1094 1836 ipso

190 1842 305 1896 eventu
319 1843 380 1896 est:
401 1835 453 1897 cui
471 1855 553 1896 enlm
572 1837 657 1915 parci
673 1834 773 1915 potuit
793 1856 833 1897 ex
852 1835 900 1909 iis,
914 1835 968 1915 qui
981 1844 1036 1896 aut
1049 1836 1094 1896 in·

191 1912 270 1975 elusi
285 1935 356 1978 cnm
370 1917 548 1996 conjugibus
561 1937 598 1977 ac
612 1915 716 1977 liberis
730 1916 833 1977 domos
852 1935 943 1996 super
961 1935 994 1977 se
1013 1916 1093 1994 ipsos
1108 1915 1148 1980 20

193 2005 473 2070 concremaverunt,
507 2005 563 2058 aut
596 1997 707 2058 armati
741 1996 863 2058 nullum
895 2004 968 2058 ante
1001 1995 1093 2056 finem

191 2093 316 2218 pu&
335 2077 814 2238 qlldlqlluhhordbbhlhrrfreodsrlnbtdm
833 2157 951 2239 ingenti
969 2141 1092 2238 praeda

191 2236 392 2320 Quamquam
416 2238 562 2319 pleraque
585 2239 625 2299 ab
649 2239 780 2300 dominis
801 2238 839 2300 de
858 2239 1010 2299 industria
1030 2258 1094 2299 eor·

190 2327 286 2398 rupta
314 2329 411 2394 erant,
438 2329 469 2381 et
495 2320 528 2379 in
555 2319 699 2380 caedibus
722 2319 777 2382 vix
804 2319 904 2379 ullum
930 2318 1092 2379 discrimen
1107 2318 1146 2382 25

187 2399 303 2461 aetatis
316 2399 364 2461 ira
376 2399 499 2474 fecerat,
513 2409 544 2461 et
558 2399 674 2479 captivi
687 2398 820 2470 militum
834 2398 949 2479 praeda
961 2398 1092 2470 liserant,

191 2487 295 2540 tamen
320 2490 351 2542 et
374 2501 414 2541 ex
437 2481 536 2560 pretio
560 2500 663 2540 rerum
684 2480 879 2541 venditarum
900 2477 1093 2558 aliquantum

190 2559 341 2639 pecuniae
354 2559 511 2622 redactum
525 2581 588 2622 esse
601 2569 729 2634 constat,
742 2568 773 2620 et
786 2559 917 2620 multam
930 2557 1093 2638 pretiosam

189 2639 411 2718 supellectilem
425 2650 599 2721 vestemque
612 2641 733 2701 missam
747 2639 973 2719 Carthaginem.

232 2719 353 2784 Octavo
372 2741 474 2782 mense
494 2741 587 2801 quam
610 2728 752 2800 coeptum
775 2719 945 2800 oppugnari
968 2725 1092 2797 captum
1107 2719 1147 2782 30

190 2799 365 2880 Saguntum
385 2802 510 2881 quidam
531 2801 693 2881 seripsere;
714 2799 786 2861 inde
799 2799 1017 2880 Carthaginem
1031 2797 1093 2859 No·

184 2901 265 2943 ¹vam
292 2881 326 2942 in
353 2880 482 2943 hiberna
511 2880 721 2943 Hannibalem
755 2880 949 2952 concessisse;
984 2878 1093 2958 quinto

190 2960 304 3023 deinde
324 2982 426 3024 mense
445 2982 537 3042 quam
558 2961 598 3022 ah
618 2960 805 3040 Carthagine
826 2960 978 3048 profectus
998 2958 1039 3020 sit
1058 2959 1093 3018 in

190 3039 319 3102 Italiam
351 3042 508 3104 ervenisse.
550 3041 638 3118 Quae
651 3042 677 3102 si
691 3041 736 3103 ita
749 3048 830 3114 sunt,
841 3040 906 3102 fieri
919 3059 980 3100 non
992 3038 1094 3118 potuit

189 3129 227 3182 ut
256 3121 291 3184 P.
319 3063 479 3182 dornelins
505 3120 552 3182 Ti.
580 3120 777 3200 Sempronius
803 3119 941 3180 eonsules
967 3118 1092 3191 fuerint,
1106 3117 1145 3180 35

189 3200 231 3261 ad
253 3221 328 3280 quos
348 3209 379 3262 et
398 3200 550 3281 principio
570 3200 806 3280 oppugnationis
820 3198 913 3278 legati
928 3197 1092 3277 Saguntini

190 3281 276 3341 missi
289 3281 359 3353 sint,
375 3281 476 3360 et⁸qui
497 3281 530 3340 in
550 3301 604 3342 suo
625 3281 805 3359 magistratu
819 3299 889 3340 cum
903 3277 1091 3348 Hannibale,

189 3360 271 3422 alter
290 3360 330 3422 ad
351 3359 492 3421 Ticinum
513 3380 644 3432 amnem,
665 3359 755 3419 ambo
780 3359 938 3435 aliquanto
962 3363 1029 3430 post
1051 3355 1092 3412 ad

190 3438 345 3516 Trebiam,
372 3441 588 3522 pugnaverint.
643 3437 711 3500 Aut
737 3437 843 3499 omnia
868 3433 1009 3494 breviora
1038 3430 1092 3489 ali-
