2628 3796
454 263 588 312 arnan
612 248 883 333 xxv1,18-19.
1115 253 1181 321 213

225 422 359 484 clamore
379 441 416 483 ac
437 422 543 485 favore
564 422 691 484 ominati
713 421 867 503 extemplo
885 431 957 485 suut
971 423 1048 486 felix
1061 425 1128 490 fau·

224 514 365 582 stumque
379 503 549 582 imperium.
590 503 612 565 ,J
614 503 674 564 ussi
685 503 795 564 deinde
806 505 885 565 inire
898 505 1076 584 suffragium
1088 508 1128 568 ad

225 602 321 644 unum
335 604 438 644 omnes
452 603 513 644 non
527 584 682 645 centuriae
702 583 802 657 modo,
815 583 868 644 sed
885 585 976 645 etiam
992 585 1129 648 homines

224 662 260 726 P.
284 663 421 744 Scipioni
447 663 609 743 imperium
636 683 699 724 esse
726 663 759 723 in
788 664 941 744 Hispania
964 666 1128 745 jusserunt

223 745 366 808 Ceterum
388 753 456 825 post
477 765 541 805 rem
561 753 671 817 actam,
686 753 722 804 ut
738 744 805 824 jam
827 744 978 806 resederat
998 747 1128 827 impetus
1162 751 1182 813 5

223 826 395 888 animorum
409 825 568 904 ardorque,
582 823 737 884 silentium
758 824 859 886 subito
873 834 974 886 ortum
989 835 1020 887 et
1033 827 1129 888 tacita

223 907 377 986 cogitatio,
388 906 535 986 quidnam
547 905 696 984 egissent?
735 904 847 965 Nonne
861 904 949 967 favor
984 905 1128 969 lusvalu·

222 985 293 1048 isset
306 1007 399 1066 quam
412 986 514 1047 ratio?
553 985 674 1046 Aetatis
694 985 830 1046 maxime
850 985 971 1065 paenite
993 995 1042 1059 at;
1063 987 1128 1066 qui·

221 1066 294 1128 dam
307 1067 461 1128 fortunam
482 1065 575 1126 etiam
595 1066 702 1127 domus
722 1064 889 1126 horrebant
905 1085 1075 1146 nomenque
1088 1087 1128 1128 ex

220 1146 349 1209 funestis
369 1145 488 1208 duabus
507 1146 632 1206 familiis
652 1147 686 1206 in
706 1165 756 1207 eas
776 1145 959 1226 provincias,
973 1146 1027 1207 ubi
1047 1147 1127 1208 inter
1142 1152 1180 1214 10

220 1229 361 1308 sepulcra
380 1227 476 1308 patris
495 1227 659 1308 patruique
678 1247 726 1288 res
746 1225 896 1308 gerendae
916 1237 1023 1302 essent,
1037 1228 1126 1308 profi·

220 1309 368 1372 cisccntia

259 1388 356 1451 XIX.
397 1388 501 1467 Quam
515 1389 568 1450 ubi
582 1387 622 1450 ab
636 1408 669 1449 re
683 1395 769 1449 tanto
789 1385 905 1467 impetu
926 1396 997 1449 acta
1016 1387 1125 1450 sollici·

219 1469 359 1530 tudinem
372 1489 538 1549 curamque
551 1469 711 1530 bominum
732 1468 961 1540 animadvertit,
976 1468 1126 1530 advocata

219 1549 369 1624 contione,
390 1551 435 1611 ita
455 1550 493 1610 de
517 1558 616 1611 aetate
639 1569 696 1610 sua
719 1549 907 1628 imperioque
929 1548 1074 1608 mandato
1094 1557 1125 1609 et
1140 1552 1178 1614 15

218 1627 310 1704 bello,
332 1630 412 1710 quod
433 1629 605 1710 gerundum
625 1638 709 1703 esset,
730 1648 842 1709 magno
862 1627 1002 1706 elatoque
1022 1628 1125 1689 animo

218 1708 370 1784 disseruit,
393 1719 430 1772 ut
453 1710 591 1771 ardorem
617 1730 696 1784 eum,
718 1709 771 1789 qui
795 1707 956 1781 resederat,
977 1708 1125 1771 excitaret

217 1809 322 1850 rursus
335 1798 531 1871 novaretque,
546 1799 577 1852 et
590 1789 731 1870 impleret
744 1789 881 1850 homines
894 1787 1030 1850 certioris
1050 1789 1123 1868 spei,

240 1889 310 1930 uam
332 1884 478 1950 quantam
502 1871 577 1932 fides
599 1869 740 1953 promissi
761 1868 890 1930 humani
910 1878 965 1930 aut
985 1869 1063 1930 ratio
1083 1890 1122 1930 ex

217 1889 332 2011 liducia
345 1972 447 2014 rerum
460 1952 597 2014 subicere
616 1951 701 2013 solet.
742 1949 818 2012 Fuit
837 1949 918 2011 enim
939 1949 1040 2029 Scipio
1061 1969 1121 2010 non
1137 1954 1176 2016 20

216 2031 297 2092 veris
321 2042 443 2094 tantum
463 2033 630 2096 virtutibus
654 2031 813 2105 mirabilis,
837 2029 890 2091 sed
913 2039 980 2090 arte
1003 2049 1123 2109 quoque

216 2112 351 2190 quadam
365 2112 405 2174 ab
421 2114 553 2194 juventa
566 2113 599 2174 in
613 2112 844 2175 ostentationem
859 2128 963 2172 earum
979 2110 1122 2190 composi-

215 2199 276 2265 tus,
287 2192 432 2274 pleraque
445 2203 522 2275 aput
535 2193 764 2255 multitudinem
778 2201 833 2253 aut
845 2197 878 2251 at
891 2210 945 2271 per
958 2198 1122 2252 nocturnos

215 2272 284 2334 visa
296 2275 410 2354 species
423 2285 479 2338 aut
492 2275 579 2338 velut
593 2274 743 2337 divinitus
762 2279 863 2333 mente
883 2271 1000 2331 monita
1020 2289 1121 2348 agens,

215 2352 280 2415 sive
294 2354 402 2436 etipse
416 2377 452 2416 ca
474 2356 499 2417 ti
513 2355 646 2436 quadam
659 2351 872 2434 superstitione
885 2350 989 2422 animi,
1002 2350 1066 2410 sive
1086 2357 1122 2410 ut
1135 2354 1173 2415 25

215 2432 346 2513 imperia
372 2377 560 2516 consiiiaque
582 2435 668 2499 velut
693 2442 773 2496 sorte
796 2431 913 2494 oraculi
939 2430 1031 2490 missa
1056 2429 1122 2489 sine

215 2515 410 2579 cunctatione
423 2526 668 2597 exsequerentur.
708 2513 762 2576 Ad
776 2512 834 2573 hoc
847 2511 912 2592 jam
927 2510 998 2570 inde
1011 2508 1051 2570 ab
1065 2509 1121 2568 ini·

214 2594 259 2656 tio
295 2617 458 2677 raeparans
472 2599 597 2672 animos,
609 2617 649 2659 ex
662 2616 722 2678 quo
735 2604 840 2674 togam
850 2590 970 2654 virilem
983 2590 1120 2669 sumpsit,

214 2617 302 2737 nulli)
313 2678 362 2739 die
398 2680 461 2740 rius
471 2678 568 2739 ullam
582 2677 738 2758 publicam
753 2675 968 2812 privatamque
980 2690 1043 2731 rem
1058 2670 1122 2810 egit

215 2775 308 2836 quam
323 2758 355 2818 in
370 2700 557 2840 dapitolium
571 2759 631 2820 iret
643 2759 778 2838 ingressu
815 2775 854 2815 ue
868 2772 904 2813 ae
926 2770 973 2812 em
988 2770 1070 2812 consi
1092 2771 1120 2812 e
1135 2755 1174 2817 30

214 2845 262 2897 ret
276 2845 306 2898 et
319 2838 499 2919 plerumque
510 2839 593 2902 solus
612 2839 645 2899 in
665 2845 779 2900 secreto
800 2857 810 2895 1
832 2835 843 2894 i
863 2843 982 2911 tempus
1001 2839 1119 2892 tereret.

214 2915 280 2978 Hic
303 2939 378 2993 mos,
399 2940 454 3000 per
477 2940 597 2981 omnem
618 2920 715 2983 vitam
739 2926 886 2990 servatus,
906 2931 959 2972 seu
984 2911 1120 2974 consulto

214 3016 268 3058 seu
294 3006 407 3061 temere
429 2999 575 3080 vulgatae
599 2996 736 3080 opinioni
759 2996 851 3058 fidem
874 3002 951 3074 aput
974 2991 1120 3071 quosdam

214 3075 296 3152 fecit,
310 3080 413 3160 stirpis
434 3100 502 3142 eum
526 3079 649 3143 divinae
662 3079 765 3141 virum
785 3096 856 3150 esse,
877 3072 1056 3151 rettulitque
1077 3071 1121 3130 fa·

213 3177 296 3218 mam
316 3159 350 3219 in
371 3159 552 3221 Alexandro
573 3180 684 3240 magno
704 3158 788 3238 prius
808 3155 977 3236 vulgatam,
991 3161 1022 3213 et
1035 3152 1120 3213 vani·
1134 3151 1172 3214 35

213 3245 278 3299 tate
292 3247 322 3300 et
335 3238 443 3302 fabula
456 3261 570 3322 parem,
585 3239 694 3320 anguis
714 3237 855 3297 immanis
873 3233 1037 3296 concubitu
1052 3251 1120 3292 con-

213 3327 345 3398 ceptum,
367 3329 397 3382 et
420 3321 453 3380 in
478 3320 621 3382 cubiculo
644 3318 751 3379 matris
775 3318 838 3396 ejus
858 3316 957 3377 visam
978 3330 1120 3390 persaepe

213 3397 345 3478 prodigii
360 3402 424 3481 ejus
443 3400 574 3480 speciem
594 3400 830 3474 interventuque
845 3385 1122 3480 hominum-evolu:

212 3486 412 3561 tamrepente
422 3490 514 3560 atque
524 3498 563 3540 ex
574 3478 670 3540 oculis
680 3475 824 3554 elapsam.
864 3470 968 3548 Hujus
977 3463 1120 3525 mrraculr
