2628 3796
139 215 202 280 208
299 231 390 278 rrrr
415 232 512 282 nrvr
537 232 593 280 ΑΒ
618 233 732 283 vana
761 233 950 308 conarri

189 373 320 451 uertenti
347 385 490 467 praebuit
513 389 675 451 fortunae?
715 389 900 452 Recenseam
924 392 1016 454 duces
1037 393 1099 455 Ro·

189 487 304 541 manos,
325 486 381 528 nec
401 488 504 530 omnes
528 469 665 530 omniurn
685 471 842 544 aetatium,
862 472 914 532 sed
937 473 949 531 i
971 493 1017 534 sos
1038 494 1098 546 cos,

189 568 260 608 cum
284 546 394 627 quibus
418 547 592 609 oonsulibus
617 557 671 610 aut
694 549 894 612 dictatoribus
960 554 1098 614 exandro

189 627 250 688 fuit
270 626 458 700 bellandum,
476 627 520 689 Μ.
536 627 697 690 Valerium
720 629 864 702 Corvum,
886 631 919 693 O.
940 631 1097 694 Marcium

156 707 340 781 5Rutilum,
355 704 389 767 0.
404 706 583 786 Sulpicium,
604 707 638 768 Τ.
660 708 814 769 Manlium
835 710 1033 790 Torquatum,
1056 713 1096 790 Q,

189 786 361 847 Publilium
381 785 553 862 Philonem,
567 788 605 849 L.
620 787 779 867 Papirium
798 789 967 865 Cursorem,
982 793 1021 869 Q.
1037 793 1098 853 Fa·

188 866 273 927 bium
294 866 480 941 Maximum,
501 867 576 929 duos
600 868 720 943 Decios,
745 868 783 930 L.
804 869 1017 944 Volumnium,
1040 873 1096 934 M'.

189 946 338 1008 Curium?
378 947 529 1031 Deinceps
550 948 687 1028 ingentes
708 958 853 1010 secuntur
866 951 935 1024 viri,
955 953 982 1012 si
1002 952 1096 1013 Puni-

188 1046 257 1087 cum
279 1027 419 1089 Romano
439 1029 653 1107 praevertisset
674 1026 790 1089 bellum
810 1030 969 1110 seniorque
986 1032 1018 1091 in
1033 1033 1096 1093 Ita-

136 1105 174 1169 10
188 1106 262 1166 liam
289 1107 462 1188 trajecisset.
504 1107 626 1170 Horum
654 1109 687 1168 in
716 1108 853 1187 quolibet
880 1130 951 1170 cum
977 1111 1095 1173 indoles

187 1185 302 1261 eadem,
326 1207 405 1267 quae
428 1188 462 1249 in
486 1188 676 1263 Alexandro,
700 1197 766 1249 erat
790 1189 884 1250 animi
909 1191 1094 1272 ingeniique,

187 1274 253 1327 tum
277 1266 441 1348 disciplina
464 1269 618 1344 militaris,
637 1270 704 1350 jam
728 1268 799 1330 inde
824 1269 863 1330 ab
888 1271 985 1331 initiis
1009 1272 1094 1334 urbis

186 1345 302 1407 tradita
315 1368 370 1427 per
384 1369 499 1425 manus,
514 1351 548 1410 in
567 1350 643 1411 artis
663 1351 817 1430 perpetuis
831 1351 1000 1492 praecegtis
1014 1353 1093 1413 ordi·

186 1435 278 1486 natae
292 1427 415 1494 modum
429 1439 563 1493 venerat
604 1430 655 1491 Ita
669 1451 752 1510 reges
765 1441 920 1510 gesserant
962 1431 1032 1505 ella,
1047 1433 1093 1494 ita

134 1505 173 1567 15
186 1505 297 1566 deinde
306 1516 462 1569 exactores
476 1530 582 1590 regum
596 1511 619 1572 J
621 1512 685 1571 unii
697 1511 885 1592 Valeriique,
896 1513 940 1573 ita
951 1513 1093 1594 deinceps

186 1585 288 1659 Fabii,
303 1587 452 1664 Quinctii,
466 1589 609 1666 Cornelii,
629 1592 674 1652 ita
694 1591 807 1653 Furius
828 1591 986 1667 Camillus,
1001 1615 1093 1673 quem

192 1667 320 1746 Juvenes
334 1668 365 1740 ii,
381 1669 490 1748 quibus
510 1691 580 1732 cum
594 1671 775 1734 Alexandro
791 1673 1000 1734 dimicandum
1015 1686 1090 1751 erat,

185 1765 287 1808 senem
301 1747 451 1810 viderant.
492 1750 644 1813 Militaria
664 1773 756 1832 opera
776 1754 943 1834 pugnando
963 1755 1091 1818 obeunti

186 1825 366 1889 Alexandro
383 1829 468 1907 (nam
484 1851 520 1891 ea
533 1852 653 1912 quoque
666 1832 751 1893 haud
771 1835 871 1896 minus
889 1835 1007 1897 clarum
1021 1859 1092 1900 eum

133 1905 317 1980 torserunt)
335 1910 625 1972 cessissetvidelicet
646 1912 677 1973 in
698 1915 764 1974 acie
784 1914 905 1978 oblatus
926 1937 982 1996 par
1002 1918 1092 1980 Man·

185 1985 244 2046 lius
267 1984 439 2067 Torquatus
463 2000 518 2051 aut
540 1991 684 2054 Valerius
709 1994 835 2071 Corvus,
860 1998 992 2078 insignes
1019 2009 1092 2062 ante

184 2065 296 2126 milites
331 2087 402 2127 uam
419 2069 520 2144 duces,
534 2072 690 2135 cessissent
710 2075 808 2149 Decii,
822 2078 939 2139 devotis
960 2081 1092 2160 corpori-

184 2144 242 2205 bus
262 2145 295 2205 in
310 2087 431 2208 (dostem
453 2160 581 2225 ruentes,
597 2155 732 2216 cessisset
750 2156 893 2236 Papirius
909 2159 1020 2222 Cursor
1034 2163 1090 2224 illo

185 2225 317 2305 corporis
332 2226 447 2301 robore,
461 2230 515 2291 illo
529 2233 638 2295 animil
659 2235 760 2298 victus
773 2247 849 2299 esset
862 2241 996 2302 consiliis
1005 2244 1092 2334 juve·

131 2304 171 2366 25
185 2305 231 2365 nis
252 2307 352 2380 unius,
372 2327 411 2369 ne
431 2308 566 2389 singulos
586 2316 749 2392 nominem,
770 2330 892 2381 senatus
916 2322 979 2396 ille,
1000 2345 1091 2404 quem

205 2385 237 2444 ui
256 2405 296 2446 ex
316 2388 438 2466 regibus
465 2401 603 2452 constare
627 2395 708 2457 dixit
732 2419 810 2460 unus
830 2423 935 2464 veram
959 2406 1090 2485 speciem
1163 2407 1179 2474 ’,

183 2405 316 2526 bomani
336 2478 458 2530 senatus
478 2472 576 2564 cepitl
618 2475 657 2535 Id
670 2498 743 2540 vero
764 2490 829 2542 erat
850 2485 1030 2562 periculum,
1051 2508 1091 2548 ne

183 2543 334 2606 sollertius
343 2568 435 2626 quam
449 2551 579 2630 quilibet
597 2575 675 2618 unus
696 2579 735 2620 ex
755 2561 812 2635 his,
827 2585 902 2644 quos
922 2568 1089 2642 nominavi,

17 2673 24 2687 ,
116 2681 117 2684 ,
184 2625 290 2686 castris
310 2626 411 2688 locum
433 2641 563 2710 caperet,
578 2650 762 2702 commeatus
783 2644 950 2724 expediret,
965 2647 1005 2707 ab
1019 2648 1091 2708 insi·

130 2703 170 2765 30
182 2704 240 2765 diis
249 2719 451 2785 praecaveret,
458 2721 576 2793 tempus
585 2737 706 2798 pugnae
715 2721 869 2803 deligeret,
876 2725 972 2786 aciem
982 2727 1091 2789 iustru-

60 2791 65 2798 '
182 2793 255 2859 eret,
275 2786 417 2850 subsidiis
441 2792 585 2858 firmaret.
628 2797 700 2860 Non
724 2823 794 2863 cum
820 2804 922 2866 Dareo
943 2827 1007 2866 rem
1028 2827 1091 2868 esse

182 2865 317 2940 dixisset,
338 2888 428 2947 quem
453 2875 616 2938 mulierum
642 2899 679 2939 ac
703 2883 874 2961 spadonum
901 2907 1009 2966 agmen
1030 2895 1092 2948 tra·

182 2944 313 3021 hentem,
328 2947 409 3010 iuter
422 2972 589 3032 purpuram
613 2967 705 3039 atque
726 2982 844 3038 aurum,
860 2975 1017 3027 oneratum
1033 2966 1091 3028 for·

182 3033 274 3118 tunae
285 3031 483 3120 apparatibus
496 3055 578 3110 suae,
590 3041 735 3116 praedam
748 3044 849 3105 verius
860 3066 951 3124 quam
963 3046 1090 3120 hostem,

129 3103 168 3162 35
183 3105 260 3164 nihil
274 3107 359 3166 aliud
374 3130 466 3189 quam
481 3113 557 3176 bene
571 3137 661 3179 ausus
676 3143 758 3183 vana
776 3133 976 3198 contemnere,
991 3127 1091 3187 incru-

182 3191 268 3242 entus
283 3184 406 3248 devicit.
448 3192 554 3272 Longe
569 3195 648 3259 alius
662 3199 775 3263 Italiae
784 3224 881 3342 quam
902 3204 1020 3278 Indiae,
1035 3227 1091 3286 per

181 3279 273 3350 quam
288 3266 455 3328 temulento
470 3275 591 3350 agmine
606 3280 783 3342 comisabun
806 3304 841 3344 us
861 3285 992 3358 incessit,
1006 3286 1090 3348 visus

181 3337 229 3394 illi
251 3339 373 3402 habitus
395 3358 479 3421 esset,
493 3352 589 3413 saltus
603 3354 738 3436 Apuliae
759 3382 795 3422 ac
816 3373 933 3425 montes
948 3365 1090 3427 Lucanos

182 3419 316 3476 cernenti
340 3429 371 3479 et
393 3427 519 3506 vestigia
543 3437 677 3498 recentia
701 3440 883 3504 domesticae
908 3443 1014 3518 cladis,
1036 3445 1089 3506 ubi
