2572 3790
462 237 646 306 unsar,
675 223 803 288 12-13.
1086 227 1128 294 29

138 453 140 456 .
178 415 237 474 que
250 414 386 474 pugnam
400 394 530 466 ciebant,
544 395 584 456 ab
604 395 726 458 Sabinis
746 397 873 459 Mettius
887 396 1020 471 Curtius,
1034 397 1075 460 ab

178 474 326 536 Romanis
353 474 482 536 Hostius
509 474 670 536 Hostilius.
720 475 784 538 Hic
811 498 876 538 rem
903 477 1075 539 Romanam

125 626 130 636 .
177 554 284 634 iniquo
307 554 373 616 loco
398 553 438 614 ad
483 555 561 614 rima
584 555 671 634 signa
697 556 800 617 animo
827 567 919 650 atque
946 558 1075 620 audacia

176 634 354 695 sustinebat.
396 633 442 696 Ut
498 635 591 696 ostius
614 635 734 709 cecidit,
755 637 911 698 confestim
936 637 1075 700 Romana

177 713 345 775 inclinatur
372 714 451 776 acies
477 713 605 794 fusaque
631 725 684 778 est.
724 715 778 778 Ad
801 726 933 779 veterem
955 729 1075 798 portam
1108 723 1128 782 5

177 793 294 854 Palatii
320 793 480 869 Romulus,
503 803 534 856 et
558 795 622 874 ipse'
649 795 741 856 turba
767 796 951 876 fugientium
978 807 1073 872 actus,

176 894 264 934 arma
290 874 331 934 ad
358 874 478 936 caelum
504 875 624 949 tollens,
652 875 832 957 “luppiter,
859 878 920 938 tuis
929 877 947 904 ''
974 877 1075 956 inquit

122 1033 125 1038 Ι
178 955 302 1034 “jussus
315 954 423 1017 avibus
437 955 488 1016 hic
502 955 535 1016 in
550 953 671 1017 Palatio
685 956 785 1036 prima
796 957 864 1017 urbi
875 957 1075 1020 fundamenta

181 1034 252 1113 jeci.
292 1034 406 1096 Arcem
430 1036 496 1115 jam
522 1037 635 1098 scelere
656 1047 791 1116 emptam
813 1036 920 1098 Sabini
942 1036 1073 1108 habent3

176 1114 249 1176 inde
268 1114 329 1176 huc
349 1115 461 1192 armati
480 1126 623 1196 superata
637 1117 737 1177 media
750 1116 834 1179 valle
847 1117 986 1180 tendunt
1028 1118 1075 1179 At
1089 1120 1127 1180 10

175 1203 221 1268 tu,
232 1204 318 1274 pater
332 1195 422 1256 deum
434 1196 660 1276 hominumque,
670 1196 744 1257 hinc
757 1197 864 1258 saltem
878 1218 948 1259 arce
958 1197 1074 1271 hostes;

176 1274 263 1336 deme
276 1283 421 1337 terrorem
436 1276 583 1338 Romanis
598 1277 630 1337 liu
652 1297 762 1356 amque
771 1277 890 1339 foedam
903 1279 982 1340 siste
1009 1276 1074 1338 Hic

175 1375 232 1434 ego
253 1355 310 1416 tibi
331 1355 479 1435 templum
500 1356 613 1418 Statori
627 1298 710 1431 Sosi,
724 1357 806 1436 quod
820 1367 1015 1420 monumento
1034 1357 1075 1418 sit

174 1435 312 1514 posteris,
339 1443 393 1496 tua
419 1437 570 1516 praesenti
598 1457 654 1517 ope
687 1446 839 1498 servatam
867 1437 973 1498 urbem
1000 1457 1073 1510 ease,

175 1514 302 1578 vove0.”
343 1515 431 1576 Haec
459 1527 607 1596 precatus,
632 1516 719 1579 velut
741 1516 768 1578 si
790 1516 930 1577 sensisset
953 1517 1074 1578 auditas
1089 1518 1127 1580 15

174 1616 288 1676 preces,
309 1596 436 1671 “hina'’
458 1597 567 1676 inquit,
589 1602 607 1629 “
616 1596 759 1671 Romani,
776 1596 923 1675 luppiter
942 1595 1074 1676 optimus

174 1677 329 1740 maximus
342 1679 479 1740 resistere
492 1689 584 1758 atque
597 1679 709 1740 iterare
722 1698 856 1773 pugnam
868 1675 985 1758 jubet.''
1015 1677 1073 1738 Re·

173 1759 278 1818 stittre
292 1759 433 1833 Romani,
448 1769 603 1838 tamquam
619 1760 739 1821 caelestr
754 1779 828 1823 voce
838 1759 934 1840 jussi;
954 1759 1019 1839 ipse
1032 1757 1073 1820 ad

172 1839 321 1918 primores
334 1838 485 1900 Romulus
499 1839 647 1919 provolat.

214 1917 341 1980 Mettius
355 1918 479 1980 Curtius
493 1919 533 1980 ab
546 1919 668 1980 Sabinis
682 1919 822 1998 prinecps
842 1918 882 1980 ab
901 1939 971 1980 arce
984 1918 1072 1980 decu·
1087 1917 1126 1981 20

173 2007 313 2060 currerat
326 2007 357 2061 et
369 1999 477 2060 effusos
487 2009 590 2078 egerat
601 2000 754 2060 Romanos
769 2009 832 2060 toto
846 2009 996 2079 quantum
1007 1998 1073 2060 foro

172 2079 307 2158 spatium
320 2088 382 2152 est;
396 2100 452 2140 nec
466 2080 572 2158 procul
582 2080 648 2158 jam
662 2088 783 2158 sporta
797 2078 912 2140 Palatii
926 2088 999 2152 erat,
1012 2079 1072 2140 ola·

174 2159 287 2220 mitans
309 2159 463 2223 “vicimus
488 2159 617 2238 perfidos
641 2159 783 2239 hospites,
804 2159 931 2220 inbelles
954 2159 1070 2230 hostes;

174 2239 241 2318 jam
261 2238 371 2312 sciunt,
392 2239 482 2318 longe
505 2239 592 2300 aliud
616 2260 678 2300 esse
695 2240 828 2318 virgines
849 2259 964 2319 rapere,
985 2237 1071 2299 aliud

172 2339 311 2398 pugnare
325 2340 394 2380 cum
408 2319 511 2381 viris.’'
552 2319 592 2380 In
612 2340 681 2380 eum
702 2320 778 2380 baec
799 2319 980 2398 gloriantem
1001 2339 1072 2380 cum
1086 2319 1125 2380 25

172 2398 265 2477 globo
292 2398 544 2460 ferocissimorum
567 2400 718 2478 juvenum
746 2399 897 2460 Romulus
923 2400 1072 2480 impeturn

172 2479 257 2539 tacit
299 2479 351 2540 Ex
365 2499 441 2558 equo
452 2489 518 2539 tum
529 2481 606 2539 forte
616 2479 744 2540 Mettius
757 2480 933 2559 pugnabat;
947 2500 982 2540 eo
995 2480 1071 2560 pelli

172 2558 295 2619 facilius
318 2559 387 2620 fuit.
429 2559 557 2620 Pulsum
582 2559 714 2619 Romani
735 2569 941 2639 persecuntur,
958 2569 990 2620 et
1009 2558 1072 2620 alia

173 2637 315 2699 Romana
330 2639 410 2700 acies
430 2639 560 2700 audacia
576 2639 654 2718 regis
674 2659 801 2700 accensa
816 2640 920 2700 fundit
933 2639 1070 2701 Sabinos.

174 2717 301 2779 Mettius
321 2721 353 2779 iu
374 2719 518 2798 paludem
538 2739 609 2791 sese,
623 2721 752 2799 strepitu
772 2720 962 2799 sequentium
982 2720 1071 2799 trepi·
1085 2719 1124 2780 30

174 2798 268 2859 dante
301 2819 388 2878 equo,
415 2799 559 2879 conjecit:
595 2808 807 2878 averteratque
835 2821 870 2860 ea
898 2820 944 2860 res
978 2801 1071 2860 etiarn

171 2875 302 2940 Sabinos
325 2879 403 2940 tanti
425 2878 559 2958 periculo
580 2878 649 2940 viri.
691 2879 733 2940 Et
753 2879 806 2939 ille
826 2881 957 2959 quidem,
976 2879 1071 2941 adnu-

172 2959 293 3019 entibus
313 2979 350 3020 ao
367 2958 546 3022 vocantibus
558 2959 638 3031 suis,
652 2958 758 3020 favore
777 2961 944 3020 multorum
964 2959 1070 3020 addito

171 3038 283 3112 animo,
298 3038 419 3111 evadit;
441 3039 574 3101 Romani
589 3038 756 3119 Sabinique
770 3039 802 3098 in
818 3039 917 3100 media
931 3039 1070 3101 convalle

171 3117 302 3178 duorum
316 3120 463 3179 montium
479 3120 689 3198 redintegrant
702 3118 868 3198 proelium;
883 3119 934 3181 sed
948 3139 996 3180 res
1011 3119 1070 3180 Ro·
1085 3119 1123 3179 35

170 3217 263 3257 mana
277 3208 343 3258 erat
356 3200 499 3277 superior.

210 3277 308 3340 ΧΠΙ.
350 3277 429 3338 Tum
445 3277 577 3338 Sabinae
594 3277 745 3348 mulieres,
760 3296 890 3355 quarum
904 3298 944 3337 ex
957 3278 1071 3356 injuria

170 3355 286 3418 bellum
311 3367 411 3420 ortum
436 3366 510 3429 erat,
532 3355 668 3416 crinibus
688 3357 783 3434 passis
806 3356 956 3433 scissaque
977 3365 1069 3426 veste,

170 3437 252 3498 victo
280 3439 368 3498 malis
403 3436 546 3496 muliebri
573 3455 695 3513 pavore,
724 3453 815 3493 ausae
831 3454 874 3492 se
901 3435 980 3491 inter
1007 3431 1070 3490 tela
