2572 3790
467 276 600 325 mssa
628 276 653 342 1,
677 257 807 324 30-31.
1094 260 1138 326 49

182 459 280 520 nuper
290 435 385 498 etiam
395 434 563 515 adjectione
572 431 680 514 populi
688 431 805 494 Albani
816 440 947 508 auctam,
956 432 1085 495 circum·

182 520 297 598 spicere
311 526 341 579 et
355 515 413 594 ipsi
427 525 554 575 externa
574 513 702 574 auxilia.
744 512 872 574 Etruria
891 521 958 576 erat
971 513 1084 588 vicina,

205 598 317 660 roximi
345 595 545 656 Etruscorum
572 592 726 655 Veientes
768 591 855 666 Inde,
882 592 921 655 ob
948 593 1085 655 residuas

182 620 334 739 bellorum
361 677 423 736 iras
453 673 587 735 maxime
619 671 791 735 sollicitatis
817 672 859 734 od
884 673 1083 736 defectionem

182 759 302 832 animis,
316 755 505 820 voluntarios
525 763 656 828 traxere,
670 762 701 814 et
721 752 804 833 apud
823 773 845 816 v
937 754 1084 836 quosdam
1119 756 1139 816 5

182 858 222 899 ex
235 837 320 918 inopi
339 835 428 930 plebe
447 835 540 897 etiam
562 854 676 928 merces
689 833 806 906 valuit3
824 853 869 927 pu
892 833 953 895 lico
966 835 1084 896 auxilio

181 917 269 979 nullo
283 917 383 998 adjuti
399 924 481 988 sunt,
495 914 655 994 valurtquo
675 913 758 993 apud
772 912 917 976 Verentes
939 913 1026 988 (nam
1046 915 1085 976 de

182 998 289 1058 ceteris
309 997 409 1056 minus
430 995 542 1055 mirum
561 1000 623 1075 est)
644 1003 736 1075 pacta
756 1014 827 1055 cum
845 993 979 1056 Romulo
996 994 1085 1056 indu·

181 1079 295 1139 tiarum
309 1076 390 1137 fides.

222 1156 301 1218 Cum
322 1156 437 1217 bellum
450 1155 605 1235 utrimque
624 1175 744 1217 summa
757 1175 814 1236 ope
827 1165 980 1236 pararent,
992 1154 1084 1219 uerti·
1099 1155 1139 1217 10

180 1257 241 1316 que
262 1237 294 1296 in
317 1256 352 1296 eo
374 1257 420 1296 res
443 1235 606 1310 videretur,
629 1237 692 1296 utri
713 1235 797 1316 prius
820 1257 907 1296 arma
926 1236 1083 1309 inferrent,

180 1325 311 1396 occupat
324 1315 432 1376 Tullus
446 1316 480 1376 in
493 1336 601 1395 agrum
624 1316 773 1377 Sabinum
793 1316 931 1378 transire.
973 1315 1084 1394 Pugna

181 1406 271 1458 atrox
284 1396 324 1456 ad
338 1396 449 1459 silvam
464 1397 650 1458 malitiosam
669 1396 739 1470 fuit,
754 1395 809 1456 ubi
823 1403 854 1456 et
867 1396 1005 1475 peditum
1018 1397 1083 1476 qui-

181 1477 252 1537 dem
265 1476 382 1548 robore,
397 1485 530 1537 ceterum
545 1477 684 1556 equitatu
697 1484 790 1536 aucto
803 1495 902 1554 nuper
914 1474 1084 1554 plurimum

181 1557 324 1617 Romana
337 1555 538 1618 acies-valuit.
582 1555 634 1616 Ab
649 1555 802 1636 equitibus
818 1563 942 1634 repente
955 1554 1084 1617 invectis
1099 1555 1138 1616 15

180 1636 297 1696 turbati
320 1637 441 1696 ordines
464 1644 536 1696 sunt
558 1634 751 1710 Sabinorum,
772 1655 829 1696 nec
849 1655 953 1714 pugna
974 1635 1084 1696 deinde

180 1715 243 1776 illis
263 1725 401 1777 constare
420 1736 476 1776 nec
496 1715 571 1795 fuga
594 1715 745 1796 explicari
768 1715 834 1776 sine
855 1734 969 1796 magna
990 1715 1084 1777 caede

202 1797 288 1858 otuit.

179 1816 201 1876 p
220 1875 349 1937 XXXI.
392 1875 530 1937 Devictis
554 1874 685 1948 Sabinis,
704 1896 773 1938 cum
794 1875 827 1936 in
848 1897 960 1956 magna
983 1874 1083 1956 gloria

179 1958 358 2036 magnisque
378 1955 487 2035 opibus
507 1976 637 2036 regnum
652 1955 737 2018 Tulli
752 1977 788 2017 ac
801 1965 868 2018 tota
880 1978 928 2018 res
942 1957 1083 2018 Romano
1096 1957 1137 2018 20
1155 1956 1166 1968 “

178 2045 262 2108 esset,
277 2035 453 2097 nuntiatum
473 2035 537 2115 regi
559 2035 682 2115 patribu
718 2056 756 2097 ue
776 2046 830 2111 est,
850 2037 884 2097 in
903 2047 1007 2098 monte
1026 2036 1083 2097 Al·

180 2115 260 2176 bano
274 2115 427 2194 lapidibus
441 2115 583 2195 pluvisse.
620 2115 691 2192 Quo
726 2136 796 2177 cum
810 2117 894 2178 credi
903 2117 959 2179 vix
973 2125 1081 2196 posset,

179 2196 277 2256 missis
290 2195 329 2256 ad
344 2195 377 2255 id
390 2195 550 2258 visendum
566 2195 749 2275 prodigium,
764 2197 803 2262 in,
818 2205 990 2275 conspectu,
1005 2197 1082 2258 baut

179 2275 269 2336 aliter
293 2295 385 2355 quam
412 2295 482 2336 cum
506 2275 689 2355 grandinem
712 2277 798 2338 venti
824 2277 1022 2356 glomeratam
1048 2277 1081 2336 in

178 2364 274 2416 terras
301 2363 406 2435 agunt,
435 2355 535 2416 crebri
563 2355 699 2417 cecidere
725 2356 809 2418 caelo
837 2356 961 2436 lapides.
1011 2354 1081 2418 Visi
1095 2357 1135 2418 25

178 2437 271 2496 etiam
293 2435 399 2496 audire
418 2456 524 2497 vocem
544 2435 699 2516 ingentem
720 2457 760 2497 ex
780 2437 891 2497 summi
912 2437 1080 2498 cacuminis

178 2515 258 2588 luco,
270 2524 305 2575 ut
319 2515 419 2594 patrio
432 2515 496 2576 ritu
510 2536 598 2576 sacra
609 2515 727 2577 Albani
741 2517 885 2590 facerent,
896 2537 983 2595 quae,
994 2516 1081 2579 velut

178 2595 237 2656 diis
257 2615 379 2675 quoquo
397 2594 490 2656 simul
511 2616 582 2656 cum
601 2597 704 2676 patria
724 2597 848 2670 relictis,
862 2596 1011 2658 oblivioni
1031 2598 1080 2658 de-

177 2675 297 2749 derant,
310 2684 342 2738 et
357 2683 412 2736 aut
428 2675 572 2737 Romana
590 2696 677 2738 sacra
697 2685 892 2758 susceperant
911 2685 967 2738 aut
985 2677 1080 2738 fortu-

177 2775 244 2830 nae,
267 2764 302 2816 ut
324 2754 368 2829 fit,
390 2754 503 2817 obirati
525 2756 643 2818 cultum
668 2757 857 2837 reliquerant
880 2757 978 2818 deom.
1019 2757 1079 2818 Ro
1092 2758 1134 2820 30

176 2835 276 2896 manis
290 2854 409 2915 quoque
423 2834 583 2898 abeodem
597 2836 737 2917 prodigio
754 2836 939 2900 novendiale
958 2858 1079 2898 sacrum

176 2915 303 2994 publice
320 2923 494 2995 susceptum
514 2925 568 2990 est,
588 2937 642 2978 seu
660 2937 735 2980 voce
757 2917 879 2979 caelesti
900 2937 940 2980 ex
953 2916 1078 2978 Albano

176 3004 279 3056 monte
294 2995 385 3056 missa
401 3001 487 3073 (nam
501 2995 534 3056 id
548 3017 668 3076 quoque
677 2997 825 3077 traditur)
836 3017 889 3058 seu
903 2997 1078 3076 aruspicum

177 3076 316 3148 monitu;
337 3076 450 3135 mansit
470 3084 551 3136 certe
570 3076 726 3150 sollemne,
741 3085 785 3151 ut,
800 3077 981 3157 quandoque
996 3076 1078 3139 idem

175 3155 351 3234 prodigium
372 3155 576 3231 nuntiaretur,
596 3157 690 3218 feriae
711 3177 767 3237 per
789 3177 900 3220 novem
922 3157 985 3218 dies
1009 3177 1077 3237 age-
1092 3156 1131 3217 35

175 3244 291 3296 rentur.

216 3315 313 3375 Haud
337 3315 382 3376 ita
406 3315 503 3377 multo
526 3323 595 3395 post
618 3316 793 3396 pestilentia
820 3314 996 3375 laboratum
1023 3321 1076 3373 est.

174 3391 268 3455 Unde
288 3415 359 3455 oum
380 3395 507 3475 pigritia
527 3395 682 3455 militandi
704 3403 849 3467 oreretur,
864 3392 953 3452 nulla
973 3401 1077 3451 tamen

173 3473 215 3534 ab
235 3475 329 3601 armi4s
350 3475 435 3602 qzies
455 3474 588 3535 dabatur
609 3495 628 3534 a
648 3473 792 3534 bellicoso
812 3491 892 3549 rege,
905 3469 1077 3530 salubriora

331 3580 365 3592 -
393 3567 448 3618 try.
