2572 3790
477 225 612 274 mana
637 223 662 292 1,
689 208 821 276 36-38.
1106 209 1148 276 57

234 382 417 445 XXXVII.
458 381 530 443 Hae
557 391 644 462 parte
671 383 828 461 copiarum
863 391 955 444 auota
984 384 1096 445 iterum

193 483 265 524 oum
279 463 401 524 Sabinis
415 462 597 542 confligitur.
639 461 699 523 Sed
714 473 926 542 praeterquam
940 464 1022 542 quod
1037 467 1096 526 vir-

192 543 264 604 ibus
286 551 424 605 oreverat
445 542 602 603 Romanus
623 545 783 615 exercitus,
802 563 841 602 ex
862 543 982 604 occulto
1003 545 1095 606 etiarn

192 623 321 684 additur
338 622 436 696 dolus,
449 623 556 696 missis,
570 623 624 702 qui
644 641 787 701 magnam
802 623 865 684 vim
886 623 1049 702 lignorum,
1063 628 1095 686 in

192 703 325 764 Anienis
352 704 421 782 ripa
442 703 604 782 jacentem,
633 701 788 762 ardentem
817 703 850 763 in
878 703 992 766 flumen
1016 706 1096 766 ooni-
1130 712 1150 772 ὀ

194 797 315 856 cerent;
335 792 486 863 ventoque
502 783 632 863 juvante
651 803 778 843 aooensa
798 783 893 862 ligna,
908 793 938 844 et
951 785 1096 866 pleraque

193 865 228 925 in
249 864 367 924 ratibus
390 864 422 924 in
445 871 515 924 aeta
537 862 663 925 sublicis
687 884 758 924 oum
782 863 951 938 haererent,
972 875 1095 945 pontem

193 945 372 1005 inoendunt
475 963 535 1024 quo
557 963 595 1005 ue
608 964 655 1004 res
669 944 701 1003 in
715 963 819 1024 pugna
832 953 979 1006 terrorem
991 945 1096 1006 attulit
1201 1005 1204 1008 .

193 1023 325 1098 Sabinis,
349 1032 380 1085 et
403 1024 478 1084 fusis
562 1044 610 1085 em
637 1024 744 1103 fugam
772 1025 918 1164 inpediit3
947 1025 1097 1105 multique

194 1105 347 1178 mortales,
360 1125 431 1165 oum
444 1105 545 1165 hostes
558 1105 738 1184 effugissent,
753 1105 786 1165 in
825 1106 927 1165 umine
940 1104 1005 1184 ipso
1020 1105 1098 1184 peris
1112 1112 1151 1171 10

194 1206 264 1259 ere;
285 1205 413 1265 quorum
434 1184 591 1246 fluitantia
611 1205 698 1246 arma
721 1185 762 1245 ad
786 1185 893 1246 urbem
917 1185 1040 1264 cognita
1063 1185 1096 1245 in

195 1265 299 1326 Tiberi
320 1267 404 1345 prius
423 1285 529 1346 paene,
546 1286 639 1347 quam
659 1266 797 1326 nuntiari
816 1275 925 1346 posset,
946 1265 1095 1346 insignem

194 1346 356 1408 victoriam
369 1346 474 1408 feoere.
668 1407 675 1422 ,

236 1426 283 1486 Εο
319 1425 412 1488 roelio
431 1426 596 1506 praecipua
615 1426 752 1506 equitum
774 1425 874 1506 gloria
894 1425 970 1487 fuit:
991 1425 1097 1486 utrim-

195 1525 256 1586 que
277 1447 318 1567 ab
339 1506 480 1566 oornibus
502 1506 623 1586 positos,
638 1527 709 1566 oum
725 1507 793 1587 jam
813 1505 978 1586 pelleretur
996 1505 1098 1566 media
1112 1511 1151 1572 15

194 1586 335 1728 peditum
360 1605 484 1648 suorum
510 1586 599 1660 aoies,
628 1586 673 1647 ita
701 1585 865 1647 incurrisse
885 1585 926 1647 ab
949 1585 1097 1646 lateribus

208 1675 308 1740 erunt,
321 1677 432 1728 utnon
450 1666 591 1728 sisterent
609 1665 700 1728 modo
721 1666 851 1728 Sabinas
871 1665 1003 1746 legiones
1023 1665 1097 1727 fero·

195 1747 271 1808 oiter
284 1747 432 1808 instantes
445 1746 631 1821 cedentibus,
640 1746 693 1807 sed
707 1746 808 1808 subito
819 1747 852 1806 in
863 1745 968 1825 fugam
982 1756 1097 1807 averte·

194 1837 272 1889 rent
307 1827 428 1889 Montes
446 1826 540 1888 effuso
559 1846 649 1888 cursu
664 1826 771 1888 Sabini
790 1825 945 1906 petebant,
958 1836 989 1886 et
1007 1825 1097 1906 pauci

194 1915 336 1980 tenuere;
357 1907 494 1968 maxima
507 1927 587 1987 pars,
602 1915 638 1967 ut
657 1916 730 1968 ante
750 1907 867 1968 dictum
888 1916 940 1979 est,
955 1905 995 1966 ab
1015 1906 1096 1986 equi·
1111 1910 1151 1974 20

194 1987 277 2048 tibus
301 1988 334 2046 in
355 1987 469 2046 flumen
496 1987 559 2048 acti
585 1995 666 2046 sunt.
708 1986 894 2066 Tarquinius
921 1986 1098 2060 instandum

194 2068 364 2147 perterritis
382 2077 476 2140 ratus,
490 2065 606 2146 praeda
626 2067 816 2146 captivisque
837 2066 969 2127 Romam
990 2066 1095 2138 missis,

194 2147 299 2226 spoliis
326 2147 460 2207 hostium
489 2147 536 2227 (id
563 2156 671 2209 votum
699 2146 842 2209 Vuleauo
870 2151 950 2224 erat)
980 2145 1096 2224 ingenti

195 2226 319 2288 cumulo
346 2226 488 2300 aeoensis,
516 2227 617 2307 pergit
644 2247 735 2306 porro
759 2227 791 2287 in
816 2246 923 2306 agrum
948 2223 1095 2286 Sabinum

194 2307 363 2370 exereitum
383 2306 544 2380 induoere;
566 2315 606 2379 et,
620 2326 808 2386 quamquam
827 2305 907 2366 male
927 2313 1029 2384 gestae
1049 2325 1096 2365 res
1110 2309 1150 2371 25

195 2396 292 2460 erant,
306 2407 363 2447 neo
381 2395 518 2466 gesturos
537 2386 648 2448 melius
667 2407 790 2466 sperare
808 2393 961 2480 poterant,
982 2393 1095 2458 tamen,

216 2467 269 2526 uia
289 2466 467 2527 consulendi
480 2487 527 2528 res
545 2487 608 2527 non
621 2465 718 2526 dabat
737 2476 878 2545 spatium,
893 2465 955 2525 iere
974 2464 1097 2528 obviam

195 2487 302 2607 bobini
323 2546 524 2608 tumultuario
545 2545 660 2620 milite;
680 2546 851 2626 iterumque
873 2544 919 2607 ibi
940 2545 1010 2620 fusi,
1031 2566 1097 2627 per·

195 2626 268 2686 ditis
277 2628 343 2706 jam
358 2647 412 2704 pro
435 2627 564 2700 erebus,
578 2647 684 2706 paoem
699 2627 819 2706 petiere.

235 2647 436 2769 xxxvlll.
477 2705 620 2780 Collatia,
634 2716 665 2768 et
679 2706 825 2787 quiequid
839 2706 917 2767 oitra
931 2705 1095 2766 Collatiam
1111 2711 1150 2772 30

194 2805 213 2845 a
253 2785 260 2799 ‘
284 2796 358 2859 erat,
382 2784 504 2846 Sabinis
527 2787 721 2867 ademptum
743 2786 872 2864 Egerius
900 2786 1019 2860 (fratris
1045 2786 1096 2846 hio

193 2865 215 2926 fi
229 2867 276 2927 ius
290 2876 356 2927 erat
366 2867 459 2946 regis)
472 2865 623 2928 Collatiae
632 2868 664 2926 in
676 2865 826 2946 praesidio
836 2865 969 2927 relictus.
1005 2865 1097 2926 Dedi-

193 2954 301 3026 tosque
321 2945 491 3007 Collatinos
511 2947 556 3007 ita
575 2947 702 3026 accipio,
716 2966 843 3026 eamque
863 2945 1025 3008 deditionis
1038 2946 1097 3006 for-

193 3027 312 3086 mulam
335 3045 415 3087 esse:
436 3046 493 3086 rex
515 3027 734 3105 interrogavit:
764 3027 901 3088 “estisne
925 3047 978 3088 vos
1002 3025 1097 3103 legati

194 3115 388 3184 oratoresque
411 3105 495 3166 missi
522 3126 542 3167 a
567 3107 681 3187 populo
708 3105 881 3180 Conlatino,
904 3114 940 3166 ut
965 3126 1019 3168 vos
1046 3125 1097 3184 po·
1112 3107 1150 3168 35

194 3186 364 3265 pulumque
395 3184 594 3247 Conlatinum
622 3185 1098 3248 dederetis?’'—“Sumus.’'—

195 3265 319 3326 “Estne
345 3265 477 3345 populus
506 3265 687 3326 Conlatinus
711 3267 744 3326 in
771 3286 827 3326 sua
851 3263 1099 3344 potestate?'’-

195 3345 554 3406 “Est’'-“Deditisne
574 3367 628 3408 vos
656 3345 864 3424 populumque
891 3343 1098 3414 Conlatinum,

195 3425 312 3498 urbem,
338 3445 436 3504 agros,
460 3446 582 3505 aquam,
606 3425 761 3495 terminos,
785 3422 924 3493 delubra,
946 3419 1099 3490 utensilia,
