2616 3790
156 193 219 263 126
321 209 411 258 rrrr
437 208 534 262 urvr
560 207 615 256 ss
641 208 757 258 vass
785 207 985 257 coanrrn

207 365 288 428 canti
301 365 426 445 equites,
440 364 586 444 vigilibus
603 365 644 426 ad
657 373 762 444 portas
775 364 946 439 trucidatis,
960 365 1001 426 ad
1021 366 1109 427 Han·

206 445 342 506 nibalem
368 445 594 524 transfugiunt;
619 465 694 524 quos
721 445 841 506 Poenus
868 445 999 525 benigne
1025 447 1110 508 adlo-

206 535 304 599 cutus,
314 533 346 586 et
355 545 408 605 sps
417 525 588 605 ingentium
603 525 752 586 donorum
765 545 908 586 accensos
922 525 953 586 in
968 526 1110 589 civitates

173 625 357 746 elilim
371 604 1110 765 ddfflllildtgltlllllslffl

206 764 294 826 nium
317 763 479 828 Gallorum
504 784 566 826 esse
589 775 684 838 ratus,
705 773 921 845 contactosque
940 786 976 827 eo
995 765 1112 827 scelere

206 844 294 908 volut
307 844 420 924 injecta
432 844 518 906 rabie
531 845 572 906 ad
586 865 673 906 arma
686 844 791 918 ituros,
806 865 992 925 quamquam
1006 846 1112 925 gravis

206 923 308 986 adhuc
322 923 448 986 vulnere
469 933 543 998 erat,
564 933 667 986 tamen
688 933 799 1004 quarta
818 925 927 1004 vigilia
946 926 1045 987 noctis
1066 926 1113 986 in·

206 1004 358 1084 sequentis
368 1005 463 1066 tacito
472 1003 969 1084 agmineprofeetus,adTrebiam
979 1005 1113 1067 fluvium

155 1085 195 1146 10
208 1084 275 1164 jam
289 1084 322 1143 in
332 1083 400 1145 loca
410 1083 522 1146 altiora
532 1085 677 1164 collisque
688 1085 894 1164 impeditiores
904 1086 1001 1164 equiti
1011 1094 1114 1146 castra

207 1173 318 1225 movet.
359 1163 463 1233 Minus
484 1184 577 1245 quam
591 1165 631 1226 ad
645 1163 788 1226 Ticinum
803 1164 931 1239 fefellit3
951 1166 1114 1244 missisque

208 1242 370 1304 Hannibal
390 1245 524 1323 primum
545 1245 698 1318 Numidis,
719 1243 831 1305 deinde
853 1245 938 1305 omni
961 1245 1113 1325 equitatu,

207 1322 360 1384 turbasset
386 1324 492 1404 utique
518 1325 717 1386 novissimum
751 1343 871 1404 agmen,
900 1325 932 1384 ni
961 1324 1114 1387 aviditate

208 1403 339 1483 praedae
365 1403 398 1464 in
422 1424 521 1466 vacua
544 1404 686 1466 Romana
709 1413 811 1466 castra
830 1403 987 1466 Numidae
1006 1405 1113 1468 dever-

156 1485 196 1548 15
209 1483 322 1546 tissent
357 1482 408 1545 Ibi
422 1484 497 1545 dum
510 1492 733 1565 perscrutantes
746 1483 816 1546 loca
828 1485 933 1545 omnia
943 1493 1114 1546 castrorum

208 1563 296 1624 nullo
310 1564 383 1624 satis
397 1563 491 1643 digno
505 1583 607 1626 morae
620 1564 718 1643 pretio
731 1572 851 1643 tempus
862 1572 976 1639 terunt,
986 1566 1114 1626 emissus

208 1644 303 1705 hostis
317 1653 363 1704 est
375 1643 414 1704 de
427 1643 586 1716 manibus;
607 1655 639 1706 et
656 1664 727 1706 cum
743 1645 810 1724 jam
827 1653 1029 1724 transgressos
1042 1645 1115 1705 Tre·

209 1723 293 1786 biam
321 1724 475 1784 Romanos
508 1724 709 1804 metantisque
742 1732 843 1785 castra
876 1725 1114 1804 conspexissent,

209 1823 323 1883 paucos
352 1816 540 1867 moratorum
567 1803 745 1866 occiderunt
772 1805 853 1866 citra
878 1804 994 1865 flumen
1021 1805 1114 1866 inter·

157 1885 321 1962 acceptos.
362 1883 542 1964 Scipiones
555 1884 749 1946 vexationem
769 1884 906 1946 vulneris
926 1885 960 1945 in
980 1884 1033 1947 via
1049 1886 1115 1964 jac·

211 1964 270 2026 tati
280 1965 363 2025 ultra
373 1965 491 2043 patiens
505 1972 536 2025 et
546 1963 695 2044 collegam
711 1964 792 2044 (jam
803 1965 885 2025 enim
895 1972 927 2025 et
936 1974 1115 2026 revocatum

211 2064 251 2105 ex
271 2043 379 2106 Sicilia
398 2044 554 2122 audierat)
569 2053 653 2105 ratus
674 2044 909 2124 expectandum,
929 2044 1041 2119 locum,
1060 2045 1116 2124 qui

210 2144 307 2204 prope
326 2124 440 2185 flumen
461 2125 629 2186 tutissimus
649 2124 770 2188 stativis
789 2134 836 2186 est
853 2124 945 2198 visus,
959 2124 1115 2186 delectum

211 2205 399 2266 communiit.
441 2203 507 2265 Nec
526 2204 632 2284 procul
652 2205 725 2265 inde
744 2204 907 2265 Hannibal
922 2225 994 2267 cum
1013 2225 1115 2266 conss-

157 2286 198 2352 25
212 2284 313 2358 disset,
341 2293 490 2365 quantum
518 2285 650 2348 victoria
682 2285 815 2365 equestri
848 2285 956 2359 elatus,
990 2292 1115 2346 tantum

211 2365 322 2426 anxius
336 2365 449 2444 inopia,
463 2384 542 2445 quae
561 2385 615 2446 per
636 2364 770 2426 hostium
789 2384 878 2445 agros
898 2373 1031 2439 euntem,
1045 2384 1116 2425 nus

211 2464 304 2524 quam
324 2465 397 2524 prae
419 2446 513 2506 aratis
534 2445 760 2519 commeatibus,
778 2446 875 2524 major
895 2445 928 2505 in
948 2444 1014 2506 dies
1034 2445 1116 2506 exci-

210 2524 325 2604 piebat,
340 2525 380 2586 ad
395 2465 579 2588 blastidium
593 2527 707 2599 vicum,
721 2545 781 2606 quo
800 2545 946 2605 magnum
966 2524 1115 2586 frumenti

210 2624 372 2666 numerum
385 2615 596 2685 congesserant
609 2606 752 2679 Romani,
763 2605 867 2666 mittit.
908 2604 959 2666 Ibi
969 2625 1041 2666 cum
1050 2606 1116 2668 vim

158 2687 200 2750 30
211 2694 364 2764 pararent,
392 2705 459 2764 spes
486 2686 570 2748 facta
596 2685 795 2766 proditionis;
819 2705 875 2746 nec
902 2705 975 2746 sane
1002 2705 1116 2764 magno

211 2765 321 2845 pretio,
342 2765 475 2826 nummis
501 2766 602 2828 aureis
628 2765 869 2846 quadringentis,
891 2765 987 2826 Dasio
1014 2764 1117 2826 Brun-

211 2844 311 2906 disino
334 2846 487 2925 praefecto
510 2846 642 2926 praesidi
666 2855 819 2925 corrupto,
840 2845 975 2906 traditur
995 2844 1117 2906 Hanni-

211 2924 275 2987 bali
290 2925 483 2987 Clastidium.
524 2925 562 2987 Id
579 2927 722 2986 horreum
736 2925 797 2986 fuit
811 2924 921 2986 Poenis
939 2925 1117 2986 sedentibus

211 3005 253 3088 ad
276 3004 428 3068 Trebiam.
470 3005 510 3066 In
533 3006 670 3086 captivos
694 3025 734 3065 ex
758 3005 873 3066 tradito
896 3004 1058 3084 praesidio,
1082 3014 1117 3066 ut

160 3088 198 3150 35
211 3085 295 3146 fama
329 3085 508 3147 clementiae
535 3086 568 3145 in
595 3083 748 3164 principio
779 3104 883 3146 rerum
910 3084 1117 3164 colligeretur,

211 3164 291 3224 nihil
311 3165 460 3225 saevitum
481 3171 534 3225 est.
1000 3238 1004 3245 g

252 3243 378 3304 XLIX.
419 3242 498 3303 (ium
524 3242 565 3303 ad
592 3241 736 3303 Trebiam
762 3251 905 3306 terrestre
932 3243 1118 3306 constitisset

213 3320 339 3394 bellum,
353 3321 476 3380 interim
490 3321 572 3381 circa
586 3321 725 3383 Siciliam
742 3323 917 3403 insulasque
935 3323 1049 3384 Italiae
1063 3324 1119 3384 im-

213 3401 362 3460 minentes
382 3408 413 3459 et
432 3419 453 3460 a
471 3399 649 3479 Sempronio
669 3402 793 3463 consule
806 3412 837 3464 et
855 3413 928 3464 ante
948 3405 1119 3466 adventum
