2572 3790
382 838 914 937 ulultlvl

436 1066 497 1130 AB
517 1065 640 1130 VRBE
660 1064 857 1129 CONDITA

383 1273 502 1323 LIBER
520 1271 730 1324 vlummvs
751 1271 908 1323 PRIMVS.

236 1548 262 1610 L
304 1548 346 1609 Iu
365 1557 452 1630 parte
472 1549 570 1630 operis
590 1548 650 1610 mei
670 1548 744 1610 licet
763 1547 840 1609 mihi
859 1547 1001 1627 praefari,
1015 1547 1098 1628 qnod

195 1629 229 1690 in
253 1629 404 1710 principio
430 1649 566 1690 summae
593 1631 686 1690 totius
713 1628 840 1708 professi
864 1628 1002 1722 plerique
1025 1639 1098 1691 sunt

195 1730 297 1770 rerum
317 1711 486 1790 scriptores,
501 1710 616 1771 bellum
638 1709 773 1770 maxime
792 1729 929 1770 omnrum
950 1729 1097 1771 memora-

196 1790 267 1863 bile,
282 1810 360 1869 quae
381 1811 524 1871 umquam
545 1799 630 1871 gesta
650 1790 720 1863 sint,
737 1809 786 1850 me
805 1790 1000 1870 scripturum,
1015 1791 1097 1871 quod

195 1869 375 1932 Hannibale
386 1870 464 1931 duce
475 1870 739 1949 Carthaginienses
750 1890 820 1930 cum
831 1870 944 1950 populo
956 1871 1096 1933 Romano
1130 1871 1149 1934 5

194 1970 319 2029 gessere
360 1949 443 2010 Nam
458 1971 553 2030 neque
568 1951 731 2012 validiores
751 1950 859 2029 opibus
877 1949 959 2012 ullae
973 1953 1052 2012 inter
1065 1971 1097 2012 se

195 2031 336 2091 civitates
349 2039 511 2110 gentesque
526 2030 722 2091 contulerunt
741 2050 836 2104 arma
851 2051 949 2111 neque
962 2031 1010 2092 his
1024 2031 1097 2110 ipsis

194 2119 317 2170 tantum
338 2130 482 2190 umquam
505 2109 618 2172 virium
645 2119 701 2170 aut
727 2109 843 2171 roboris
863 2111 940 2184 fuit;
961 2121 992 2172 et
1013 2110 1097 2170 haud

195 2190 316 2270 ignotas
342 2189 417 2251 belli
445 2198 524 2251 artes
551 2190 631 2250 inter
657 2210 728 2263 sese,
752 2190 806 2251 sed
832 2201 974 2270 expertas
997 2191 1096 2270 primo

196 2270 314 2330 Punico
326 2269 525 2332 conserebant
537 2269 636 2343 bello;
649 2278 681 2332 et
693 2270 770 2332 adeo
783 2270 871 2331 varia
883 2271 1008 2332 fortune
1021 2269 1095 2331 belli
1111 2271 1150 2334 10

195 2370 365 2429 ancepsque
385 2350 470 2411 Mars
490 2351 559 2424 fuit,
579 2360 615 2411 ut
634 2350 760 2430 propius
786 2350 957 2430 periculum
981 2350 1097 2411 fuerint

196 2431 249 2509 qui
270 2430 418 2492 vicerunt.
459 2429 546 2492 Odiis
570 2431 663 2491 etiam
687 2451 781 2524 prope
807 2430 973 2510 majoribus
1002 2433 1096 2491 certa-

196 2518 270 2570 runt
318 2530 387 2570 uam
415 2509 543 2583 viribus,
570 2510 717 2572 Romanis
743 2509 985 2590 rndignantibus,
1013 2510 1096 2590 quod

196 2530 364 2651 victoribus
384 2589 459 2652 victi
478 2589 561 2651 ultro
584 2590 733 2651 inferrent
755 2609 850 2663 arma,
872 2590 991 2663 Poenis,
1012 2590 1094 2671 quod

195 2669 324 2749 superbe
344 2689 495 2750 avareque
515 2669 673 2731 crederent
692 2670 901 2749 imperitatum
914 2671 1004 2733 victis
1024 2691 1094 2732 essa
1110 2670 1149 2732 15

196 2749 295 2810 Fama
309 2757 354 2810 est
366 2749 467 2824 etiam,
479 2750 697 2821 Hannibalem,
708 2769 858 2810 annorum
872 2750 967 2813 ferme
976 2771 1096 2825 novem,

196 2829 355 2922 pueriliter
369 2829 576 2891 blandientem
590 2830 671 2909 patri
685 2829 867 2904 Hamilcari,
882 2841 918 2892 ut
933 2831 1096 2892 duceretur

196 2929 229 2968 1n
245 2909 437 2989 Hispaniam,
453 2929 532 2983 cum,
546 2911 680 2988 perfeeto
694 2909 803 2970 Africo
823 2909 913 2983 bello,
928 2911 1096 2971 exercitum

196 3009 231 3050 eo
246 2990 427 3068 trajecturus
447 2989 638 3062 sacrificaret,
653 2989 803 3051 altaribus
823 2989 992 3065 admotum,
1005 2990 1096 3052 tactis

195 3069 298 3141 sacris,
308 3070 378 3148 jure
387 3069 521 3147 jurando
534 3070 688 3143 adactum,
702 3089 742 3142 se,
757 3070 973 3148 cumprimum
988 3079 1095 3150 posset,
1111 3070 1150 3130 20

196 3147 312 3208 hostem
339 3150 404 3209 fore
429 3149 543 3228 populo
571 3148 719 3210 Romano.
771 3147 939 3228 Angebant
966 3150 1097 3229 ingentis

194 3229 321 3306 spiritus
336 3229 436 3290 virum
458 3227 565 3288 Sicilia
585 3227 787 3307 Sardiniaque
808 3229 951 3290 amissae:
973 3249 1045 3288 nam
1066 3237 1097 3288 et

195 3308 333 3369 Siciliam
355 3308 446 3368 nimis
466 3307 557 3367 celeri
578 3307 788 3386 desperatione
801 3327 902 3367 rerum
916 3325 1097 3376 concessam,

195 3397 226 3448 et
246 3387 421 3448 Sardiniam
441 3388 521 3448 inter
542 3396 658 3446 motum
672 3387 799 3446 Africae
819 3386 928 3445 fraude
949 3385 1099 3443 Romano

195 3487 274 3543 rum,
288 3468 440 3548 stipendio
455 3467 548 3528 etiam
561 3467 685 3545 insuper
698 3464 838 3543 inposito,
852 3464 1061 3582 intercepqaam.
1114 3459 1153 3515 25
