2572 3790
142 219 184 285 66
309 236 400 283 TITI
427 236 524 286 LIVI
551 236 607 284 AB
635 235 752 286 VRBE
780 235 973 285 CONDITA

194 391 277 471 apud
302 400 419 470 patrem
443 391 556 455 videat.
597 392 745 454 Celeriter
771 391 996 453 adulescentem
1024 414 1098 455 snae

194 471 373 532 temeritatis
387 472 503 551 implet.
546 472 597 533 Ita
618 473 733 534 Lucius
753 472 937 551 Tarquinius
952 482 984 534 et
993 473 1099 534 Tullia

195 551 304 625 minor,
313 571 408 630 prope
422 552 606 613 continuatis
616 552 773 613 funeribus
788 572 858 612 oum
868 552 973 616 domos
983 574 1098 616 vacuas

195 651 275 692 novo
295 632 492 698 matrimonio
512 633 660 705 fecissent,
670 633 845 712 jungrmtur
859 634 984 714 nuptiis,
1000 635 1098 713 magis

77 719 93 804 δι
162 711 256 772 bnon
294 710 451 771 rohibente
465 711 571 773 Servio
585 731 678 791 quam
691 711 889 791 adprobante.

300 790 376 852 VII.
418 791 498 851 Tum
526 811 598 853 vero
625 792 658 851 in
687 791 750 852 dies
778 791 917 854 infestior
943 792 1028 854 Tulli
1055 813 1099 853 se·

196 879 312 943 nectus,
327 870 466 931 infestius
486 872 587 950 coepit
605 889 733 951 regnum
748 891 818 932 esse.
859 872 933 934 Jarn
955 873 1036 933 enim
1058 872 1099 933 ab

195 950 307 1011 scelere
329 950 369 1010 ad
392 949 478 1010 aliud
500 960 637 1030 spectare
659 949 769 1012 mulier
790 950 904 1025 soclus;
932 973 988 1013 nec
1010 961 1100 1013 nocte

196 1051 253 1092 nec
280 1029 415 1090 interdiu
443 1031 545 1092 virum
575 1031 786 1110 conquiescere
806 1033 880 1110 pati,
901 1051 940 1093 ne
964 1032 1101 1111 gratuita

145 1111 184 1174 10
198 1109 364 1190 praeterita
389 1110 558 1190 parricidia
585 1120 698 1172 essent:
720 1132 782 1172 non
809 1111 868 1173 sibi
890 1111 1028 1186 defuisse,
1049 1111 1101 1173 cui

197 1200 295 1269 nupta
319 1189 479 1263 diceretur,
504 1211 561 1252 nec
585 1211 655 1252 cnm
679 1212 740 1272 quo
764 1191 860 1252 tacita
886 1191 1029 1264 servirem
1050 1191 1101 1252 de·

198 1270 298 1342 fuisse,
313 1271 366 1349 qui
386 1291 418 1331 se
438 1291 531 1350 regno
549 1271 678 1351 dignum
692 1280 824 1352 putaret,
838 1272 891 1351 qui
905 1272 1100 1345 meminisset,

198 1371 230 1410 se
244 1370 306 1411 esse
320 1349 418 1410 Prisci
432 1350 580 1431 Tarquini
596 1352 704 1426 filium,
719 1353 772 1431 qui
792 1351 906 1413 habere
921 1371 1013 1431 quarn
1034 1373 1100 1431 spe-

199 1450 267 1490 rare
281 1451 408 1524 regnum
422 1431 539 1493 mallet
582 1432 642 1492 “Si
663 1442 698 1492 tu
718 1433 744 1492 is
764 1452 804 1506 es,
819 1433 870 1492 cui
888 1441 1017 1511 nuptam
1037 1453 1101 1493 esse

147 1513 185 1572 15
199 1531 248 1571 me
262 1511 403 1584 arbitror,
419 1520 450 1572 et
463 1512 565 1574 virum
587 1521 625 1573 et·
636 1533 737 1591 regem
759 1511 901 1591 appello;
922 1513 970 1572 sin
990 1513 1101 1584 minus,

200 1611 235 1652 eo
250 1612 332 1653 nunc
346 1593 431 1672 pejus
452 1600 632 1653 mutatores
646 1602 699 1664 est,
714 1593 795 1670 qnod
809 1592 878 1652 istic
893 1611 963 1652 cum
975 1591 1103 1671 ignavia

200 1682 245 1734 est
264 1674 371 1734 scelus.
413 1673 499 1751 Quin
521 1673 709 1752 accingeris?
743 1672 813 1733 Non
828 1672 885 1733 tibi
900 1671 939 1732 ab
954 1671 1102 1732 Corintho

200 1775 257 1816 nec
284 1754 323 1816 ab
351 1753 535 1833 Tarquiniis,
560 1761 596 1812 ut
622 1752 704 1832 patri
731 1761 794 1824 tuo,
822 1752 983 1831 peregrina
1006 1771 1103 1830 regna

201 1837 304 1898 moliri
320 1855 440 1896 necesse
457 1843 518 1906 est;
540 1833 573 1894 di
587 1841 618 1894 te
638 1840 761 1912 penates
782 1832 936 1971 patriique
955 1839 986 1892 et
1005 1831 1103 1910 patris

147 1917 188 1979 20
201 1917 303 1996 imago
323 1925 354 1976 et
374 1917 482 1977 domus
502 1914 587 1994 regia
608 1923 639 1974 et
659 1913 691 1973 in
712 1911 801 1973 domo
820 1931 923 1990 regne
943 1911 1052 1972 solium
1072 1919 1104 1971 et

200 2018 310 2058 nornen
336 1996 538 2077 Tarquinium
565 2002 649 2054 creat
669 2001 818 2070 vocatque
838 2011 948 2070 regern.
989 1991 1056 2051 Aut
1076 1991 1103 2050 si

152 2142 156 2146 ,
200 2078 330 2139 adhaec
352 2097 461 2156 parurn
479 2084 524 2136 est
541 2074 646 2146 animi,
661 2072 736 2152 quid
750 2071 905 2132 frustraris
925 2067 1103 2133 civitatem?

201 2157 275 2236 quid
291 2167 321 2218 te
334 2166 370 2218 ut
383 2157 502 2235 regium
519 2156 665 2235 juvenem
687 2151 820 2231 conspici
840 2151 936 2212 sinis?
975 2149 1104 2210 Facesse

201 2238 274 2298 hinc
294 2237 476 2316 Tarquinios
497 2244 552 2296 aut
572 2232 772 2308 Corinthum
793 2230 955 2292 devolvere
967 2239 1048 2291 retro
1061 2229 1104 2290 ad

147 2317 185 2378 25
199 2319 334 2397 stirpem,
349 2317 453 2378 fratris
474 2314 604 2377 similior
617 2333 709 2393 quam
727 2311 851 2390 patris.'’
893 2309 954 2370 His
973 2310 1104 2388 aliisque

200 2397 386 2478 increpando
403 2398 549 2477 juvenem
569 2395 705 2473 instigat,
726 2412 783 2451 nec
804 2390 1015 2468 conquiescere
1035 2390 1103 2469 ipsa

198 2488 306 2557 potest,
326 2478 361 2551 si,
383 2498 454 2538 cum
474 2474 636 2554 Tanaquil,
658 2471 818 2552 peregrina
839 2469 957 2543 mulier,
978 2478 1102 2530 tantum

198 2557 299 2618 moliri
320 2557 466 2638 potuisset
486 2555 598 2628 animo,
616 2563 652 2614 ut
673 2555 734 2613 duo
755 2551 901 2612 continua
921 2569 1015 2628 regna
1035 2549 1103 2610 viro

198 2657 235 2698 ac
256 2637 397 2716 deinceps
417 2657 527 2716 genero
549 2635 688 2706 dedisset,
704 2633 778 2711 ipsa,
794 2629 877 2708 regio
897 2631 1011 2690 semine
1025 2637 1103 2702 orta,

145 2716 185 2778 30
199 2717 320 2777 ιιιιΙΙιιιιι
348 2725 535 2777 momentum
564 2715 597 2774 in
627 2713 729 2773 dando
761 2709 983 2788 adimendoque
1009 2727 1103 2788 regno

197 2797 319 2858 faceret.

238 2877 298 2937 His
320 2875 520 2936 muliebribus
545 2874 705 2934 instinctus
727 2871 815 2932 furiis
838 2868 1023 2947 Tarquinius
1047 2867 1104 2928 dir·

198 2957 314 3018 cumire
328 2966 359 3017 et
373 2975 516 3035 prensare
526 2955 677 3014 minorum
689 2953 824 3012 maxime
834 2949 971 3030 gentium
982 2957 1083 3027 patres
1095 2970 1103 3021 ;

92 3077 104 3090 -·
198 3037 361 3098 admonere
382 3036 501 3115 paterni
523 3034 661 3095 beneficii
682 3053 719 3092 ac
740 3052 796 3111 pro
817 3051 852 3092 eo
872 3028 1005 3109 gratiam
1019 3048 1102 3106 repe·

145 3114 185 3176 35
199 3129 279 3189 tere;
301 3115 434 3176 adlicere
448 3114 535 3176 donis
544 3115 690 3192 juvencs;
711 3132 781 3172 cnm
794 3111 833 3171 de
847 3131 878 3170 se
892 3110 1029 3188 ingentia
1038 3107 1103 3187 pol·

199 3195 330 3268 licendo,
346 3203 411 3254 tum
426 3194 505 3272 regis
520 3191 707 3264 criminibus,
719 3191 859 3251 omnibus
874 3190 948 3250 locis
962 3207 1104 3248 crescere

200 3275 367 3346 Postremo,
381 3281 417 3332 ut
432 3273 498 3351 jam
519 3270 655 3348 agendae
673 3271 717 3329 rei
736 3280 855 3348 tempus
868 3269 969 3331 visum
983 3275 1037 3339 est,
1053 3266 1105 3326 sti·

201 3363 291 3432 patus
312 3352 434 3430 agmine
458 3359 645 3410 armatorum
668 3349 700 3408 in
722 3349 823 3408 forum
847 3347 973 3427 inrupit.
1016 3345 1105 3419 Inde,

202 3431 342 3492 omnibus
372 3428 516 3506 perculsis
543 3447 665 3506 pavore,
686 3428 719 3486 in
739 3428 824 3506 regia
852 3427 922 3488 sede
943 3445 998 3504 pro
1019 3426 1106 3486 curia
