2616 3790
444 251 579 298 mana
604 250 720 316 xx11,
749 232 879 302 24-25.
1091 233 1154 298 169

208 406 329 486 quidam
363 415 501 468 auctores
533 416 621 468 suut:
656 407 754 486 primo
788 427 935 467 concursu
966 403 1102 466 Poenum

207 487 353 566 usquead
367 497 468 547 eastra
480 487 582 548 fusum
593 508 600 560 ;
622 487 693 548 inde
713 487 871 566 eruptione
884 487 966 546 facta
980 496 1104 566 repente

206 587 325 629 versum
338 576 484 627 terrorem
498 567 530 627 in
545 567 718 640 Romanos3
739 566 869 627 Numeri
883 567 1002 627 Decimi
1019 565 1105 626 Sam-

205 648 276 708 nitis
296 646 406 706 deinde
426 647 600 708 interventu
620 647 769 727 proelium
783 647 965 708 restitutum.
1007 645 1103 708 Hunc

205 727 371 806 principem
385 746 494 805 genere
507 747 543 787 ac
557 727 674 790 divitiis
688 747 749 788 non
764 726 896 788 Boviam
909 725 1008 800 modo,
1022 726 1104 788 unde
1137 727 1158 790 5

205 817 276 879 erat,
303 806 357 866 sed
384 815 449 868 toto
476 805 609 879 Samnio,
629 797 716 891 jpdssu
740 806 898 868 dictatoris
921 814 989 867 octo
1016 806 1104 868 milia

205 886 340 965 pediturn
360 895 391 947 et
411 885 526 966 equites
550 886 732 965 quingentos
756 886 916 948 ducentem
939 886 972 947 in
994 895 1102 961 castra,

204 966 242 1026 ab
261 976 347 1046 tergo
368 987 437 1027 cum
458 951 648 1045 apparuisset
668 965 851 1040 Hannibali,
870 986 885 1027 s
924 966 1001 1028 ciem
1022 966 1103 1046 parti

204 1046 323 1125 utrique
343 1046 516 1126 praebuisse
536 1047 608 1108 novi
651 1046 773 1107 raesidii
793 1066 863 1107 cum
945 1045 1044 1108 Fabio
1062 1045 1103 1108 ab

204 1125 301 1186 Roma
324 1127 483 1188 venientis.
527 1067 747 1199 Hannibalem,
775 1126 956 1187 insidiarum
982 1146 1102 1207 quoque
1117 1127 1157 1190 10

202 1205 318 1285 aliquid
347 1207 512 1280 timentem,
541 1207 687 1286 recepisse
714 1226 800 1280 suos;
825 1206 1000 1268 Romanum
1028 1207 1103 1268 inse·

202 1295 306 1347 cuturn
333 1287 500 1365 adjuvante
527 1286 665 1348 Samnite
692 1286 753 1348 duo
781 1286 907 1348 castella
926 1305 961 1348 eo
982 1286 1031 1348 die
1051 1307 1103 1347 ex·

201 1386 357 1446 pugnasse.
398 1365 460 1427 Sex
480 1367 567 1427 milia
587 1367 721 1428 hostium
742 1386 837 1440 caesa,
852 1367 986 1446 quinque
1000 1366 1103 1427 admo·

201 1445 274 1505 dum
289 1439 514 1520 Romanorum
535 1456 647 1520 tamen,
662 1448 696 1507 in
716 1456 781 1508 tam
802 1447 869 1526 pari
890 1465 984 1525 prope
1004 1446 1101 1520 clade,

201 1525 313 1586 famam
340 1527 479 1606 egregiae
506 1527 655 1588 victorias
682 1546 752 1587 cum
781 1526 959 1588 vanioribus
992 1525 1102 1588 litteris
1117 1527 1157 1588 15

201 1606 335 1684 magistri
356 1607 494 1685 equitum
515 1606 646 1667 Romam
668 1607 827 1686 perlatam.
944 1665 948 1673 .

239 1686 349 1747 XXV.
390 1686 439 1747 De
458 1685 506 1748 his
527 1686 617 1748 rebus
637 1707 781 1768 persaepe
800 1696 831 1748 et
851 1687 884 1748 in
903 1694 1011 1748 senatu
1024 1694 1055 1748 et
1067 1686 1101 1748 in

201 1766 338 1827 contione
361 1776 464 1827 actum
488 1776 542 1829 est.
583 1765 672 1841 Cum,
697 1767 779 1828 laeta
808 1767 943 1842 civitate,
969 1767 1101 1829 dictator

201 1859 276 1906 unus
289 1846 368 1906 nihil
382 1866 438 1907 nee
452 1846 552 1908 famae
566 1867 622 1909 nec
636 1847 747 1910 litteris
763 1847 907 1922 crederet,
923 1857 962 1922 et,
979 1856 1014 1909 ut
1028 1868 1102 1911 vera

200 1926 301 1986 omnia
314 1934 419 1999 essent,
433 1927 567 1990 secunda
580 1948 612 1988 se
626 1929 724 2007 magis
738 1949 830 2008 quam
852 1928 981 1990 adversa
995 1927 1100 1989 timere
1115 1928 1155 1990 20

199 2005 321 2078 diceret,
341 2016 407 2067 turn
429 2008 472 2069 M.
494 2008 632 2069 Metilius
657 2008 799 2070 tribunus
820 2008 917 2089 plebis
938 2009 987 2070 ‘id
1006 2009 1100 2069 enim-

200 2106 269 2147 vero
290 2086 447 2147 ferendum
462 2089 541 2149 esse'
556 2098 665 2169 negat:
687 2092 769 2150 ‘non
790 2097 978 2170 praesentem
1000 2089 1100 2150 solum

198 2165 374 2227 dictatorem
389 2167 538 2229 obstitisse
552 2170 596 2229 rei
610 2169 687 2230 bene
700 2170 859 2249 gerendae,
875 2170 927 2230 sed
945 2169 1101 2231 absentem

198 2247 289 2306 etiam
317 2257 418 2326 gestae
445 2247 573 2322 obstare,
598 2257 628 2311 et
656 2251 690 2310 in
717 2250 856 2312 ducendo
885 2249 967 2313 bello
993 2250 1130 2312 sedulo.

198 2333 315 2406 tempus
329 2336 434 2400 terere,
448 2348 507 2407 quo
522 2328 638 2390 diutius
652 2331 685 2389 in
699 2331 880 2410 magistratu
896 2331 944 2406 sit,
959 2331 1100 2411 solusque
1114 2329 1153 2392 25

197 2415 227 2466 et
247 2406 364 2467 Romae
383 2415 414 2466 et
434 2408 466 2466 in
487 2410 622 2470 exercitu
637 2411 799 2490 imperium
814 2410 934 2473 habeat.
976 2411 1101 2493 Quippe

197 2485 355 2546 consulum
379 2487 509 2548 alterum
531 2489 563 2548 in
582 2490 650 2550 acie
670 2491 820 2564 cecidisse,
843 2493 973 2554 alterum
1001 2494 1100 2572 specie

197 2565 299 2626 elassis
318 2566 453 2628 Punicae
469 2572 693 2648 persequendae
713 2571 820 2651 procul
841 2574 882 2634 ab
904 2574 997 2635 Italia
1017 2573 1100 2636 able·

196 2654 321 2724 gatum;
341 2647 417 2707 duos
437 2656 589 2726 praetores
609 2650 715 2712 Sicilia
736 2664 828 2732 atque
849 2653 992 2716 Sardinia
1011 2675 1099 2717 occu·

196 2737 291 2804 patos,
301 2746 430 2805 quarum
445 2737 554 2789 neutra
567 2730 625 2792 hoc
639 2741 774 2812 tempore
790 2735 949 2813 provincia
960 2745 1098 2816 praetore
1112 2733 1152 2795 30

196 2816 301 2884 egeat;
322 2806 365 2867 M.
381 2807 555 2869 Minucium
569 2812 748 2892 magistrum
764 2815 911 2894 equitum,
926 2837 964 2877 ne
982 2816 1098 2878 bostem

197 2885 323 2959 videret,
332 2907 370 2947 ne
405 2888 458 2948 uid
473 2889 517 2950 rei
532 2888 660 2953 bellicae
670 2903 795 2972 gereret,
805 2916 899 2975 prope
912 2897 945 2956 in
959 2897 1098 2958 custodia

196 2965 345 3057 babitum.
383 2907 497 3048 ltaque
516 2968 641 3032 hercule
661 2993 722 3034 non
743 2973 903 3035 Samnium
924 2976 1021 3051 modo,
1036 2997 1096 3056 quo

198 3064 263 3123 Jam
279 3055 436 3126 tamquam
451 3058 536 3110 trans
547 3051 700 3113 Hiberum
713 3074 787 3134 agro
802 3054 912 3115 Poenis
923 3076 1096 3118 concessum

194 3125 242 3198 sit,
256 3134 301 3186 set
316 3125 506 3207 Campanum
521 3129 729 3211 Calenumque
749 3143 780 3195 et
801 3134 968 3195 Falernum
987 3156 1095 3214 agrum
1110 3133 1149 3194 35

194 3215 381 3282 pervastatos
402 3227 474 3282 esse,
487 3209 609 3272 sedente
622 3210 750 3273 Casilini
764 3214 913 3274 dictatore
927 3223 957 3275 et
970 3215 1094 3292 legioni-

195 3283 250 3344 bus
261 3287 367 3365 populi
378 3287 512 3348 Romani
522 3310 631 3369 agrum
644 3311 731 3352 suum
743 3302 872 3353 tutante.
914 3293 1094 3353 Exercitum

194 3365 365 3445 cupientem
387 3388 525 3448 pugnare
549 3379 580 3430 et
604 3372 783 3448 magistrum
811 3372 947 3447 equitum
976 3370 1093 3427 clausos

192 3465 287 3528 prope
320 3448 403 3510 intra
430 3447 550 3512 vallum
583 3458 732 3522 retent0s;
766 3457 923 3525 tamquam
957 3443 1093 3504 hostibus
