2616 3790
167 219 210 284 90
330 237 421 284 urar
451 237 548 286 n1v1
578 235 633 285 sn
662 237 779 288 vanu
807 239 999 289 couniri

220 392 339 453 cidente
365 392 435 455 telo.
490 393 655 455 Phalarion
688 403 754 456 erat
787 395 975 476 Saguntinis,
1003 399 1117 462 missile

219 473 314 533 telum
329 473 433 532 hastili
447 473 576 554 abiegno
590 485 621 535 et
635 483 735 535 cetera
749 477 836 536 tereti
852 487 1062 556 praeterquam
1078 482 1118 542 ad

219 562 399 623 extremum,
414 554 495 613 unde
518 558 633 614 ferrum
657 555 802 627 extabat;
824 556 866 628 id,
887 557 966 617 sicut
990 560 1022 617 iu
1045 561 1118 639 pilo,

219 632 405 710 quadratum
425 641 537 712 stuppa
550 634 806 713 circumligabant
822 635 1020 716 linebantque
1033 642 1118 718 piee;

185 714 334 773 bt'errum
358 719 461 772 autem
487 723 546 774 tres
571 714 695 792 longum
719 713 854 775 habebat
875 717 974 794 pedes,
992 727 1027 779 ut
1047 740 1118 782 oum

219 791 312 852 armis
338 791 515 871 transfigere
542 813 651 872 corpus
678 803 787 873 posset.
828 795 889 856 Sed
916 796 949 856 id
973 799 1119 875 maxime,

219 872 312 932 etiam
325 872 351 933 si
366 873 509 934 haesisset
522 874 554 933 in
568 885 654 942 scuto
669 893 725 936 neo
738 884 924 954 penetrasset
944 877 978 937 in
997 897 1118 959 corpus,

218 971 363 1030 pavorem
377 952 519 1026 faciebat,
534 954 624 1032 quod,
639 974 710 1014 cum
725 955 859 1016 medium
873 977 1034 1018 accensum
1048 961 1118 1020 mit·

219 1042 334 1093 teretur
358 1042 604 1113 ‘conceptumque
630 1035 695 1113 ipso
722 1044 808 1096 motu
842 1037 940 1098 multo
973 1040 1119 1117 majorem

167 1113 205 1174 10
219 1111 319 1190 iguem
340 1112 441 1185 ferret,
460 1133 547 1174 arma
566 1115 665 1175 omitti
687 1115 823 1194 cogebat,
843 1117 1020 1196 nudumque
1041 1118 1120 1178 mili·

218 1201 279 1252 tem
300 1191 340 1252 ad
361 1192 550 1271 insequentes
571 1195 649 1255 ictus
669 1196 843 1274 praebebat
993 1195 995 1198 ’

259 1271 319 1332 lx
360 1272 437 1332 Oum
459 1273 512 1334 diu
533 1293 643 1358 anceps
661 1275 766 1336 luisset
783 1286 945 1350 certamen,
959 1284 990 1337 et
1002 1276 1120 1356 Sagun·

219 1352 300 1424 tinis,
315 1352 388 1430 quia
402 1363 522 1430 praeter
535 1374 619 1434 spem
633 1355 814 1429 resisterent,
831 1357 994 1418 crevissent
1012 1359 1119 1432 animi,

219 1431 347 1504 Poenus,
362 1435 434 1511 quia
453 1453 515 1494 non
530 1435 660 1508 vicisset,
674 1455 730 1514 pro
743 1434 826 1498 victo
846 1445 931 1509 esset,
952 1437 1118 1499 clamorem

167 1515 205 1574 15
219 1523 342 1591 repente
363 1513 511 1592 oppidani
531 1515 654 1588 tollunt,
669 1516 846 1594 hostemque
864 1515 897 1575 in
914 1517 1017 1576 ruinas
1038 1518 1120 1578 muri

218 1593 388 1673 expellunt,
398 1594 469 1655 inde
483 1594 654 1674 inpeditum
669 1595 930 1675 trepidantemque
940 1597 1118 1671 exturbant,

217 1684 370 1754 postremo
383 1675 484 1736 fusum
500 1675 701 1754 fugatumque
715 1676 748 1734 in
762 1685 862 1736 castra
874 1676 1025 1756 redigunt.

259 1755 388 1816 Interim
408 1756 447 1816 ab
469 1755 569 1816 Roma
589 1756 704 1834 legatos
722 1756 839 1818 venisse
860 1758 1035 1817 nuntiatum
1057 1765 1119 1830 est;

218 1836 329 1914 quibus
357 1836 479 1898 obviam
508 1835 547 1896 ad
575 1855 659 1895 mare
686 1835 769 1896 missi
793 1835 833 1896 ab
857 1835 1044 1910 Hannibale,
1066 1838 1120 1917 qui

166 1916 205 1978 20
219 1917 363 1990 dicerent,
378 1936 433 1976 nec
454 1925 520 1976 tuto
541 1935 591 1976 eos
610 1915 747 1976 adituros
765 1915 845 1976 inter
859 1925 981 1977 tottam
995 1918 1120 1976 effrena·

218 2005 321 2056 tarum
342 1995 479 2076 gentium
500 2016 595 2069 arma,
616 2015 672 2056 nec
696 1995 870 2055 Hannibali
895 1996 929 2055 in
952 2005 1038 2056 tanto
1061 1996 1120 2057 dis·

218 2076 345 2136 crimine
366 2097 467 2137 rernm
488 2095 599 2155 operae
622 2095 685 2136 esse
708 2074 874 2154 legationes
898 2075 1013 2136 audire
1055 2075 1120 2155 Ap-

239 2156 354 2230 arebat,
369 2177 430 2216 non
451 2157 595 2218 admissos
616 2154 834 2234 Carthaginem
854 2156 993 2235 protinus
1014 2155 1118 2217 ituros.

218 2177 352 2297 initteras
383 2237 478 2316 igitur
511 2237 694 2314 nuntiosque
722 2235 763 2295 ad
791 2235 943 2314 principes
978 2235 1120 2296 factionis

164 2312 203 2376 25
217 2314 369 2377 Barcinae
382 2317 561 2396 praemittit,
576 2326 610 2376 ut
624 2323 843 2396 praepararent
855 2335 977 2375 snorum
992 2315 1119 2390 animos,

216 2415 255 2456 ne
290 2397 343 2456 uid
358 2417 429 2476 pars
442 2397 541 2458 altera
553 2396 722 2476 gratificari
736 2416 774 2475 po
798 2395 849 2455 ulo
860 2395 999 2456 Romano
1009 2404 1118 2474 posset.

256 2416 299 2536 il.
340 2476 459 2555 Itaque,
480 2488 692 2556 praeterquam
713 2417 796 2555 quod
814 2474 938 2535 admissi
959 2475 1119 2552 auditique

215 2564 296 2628 sunt,
324 2575 360 2616 ea
394 2577 514 2636 quoque
541 2577 624 2619 vana
657 2566 750 2636 atque
783 2556 877 2616 inrita
903 2554 1017 2634 legatio
1047 2555 1117 2615 i'uit.

217 2635 333 2696 Hanno
360 2656 439 2696 unus
473 2638 618 2698 adversus
651 2644 792 2698 senatum
825 2655 947 2696 causam
979 2633 1119 2706 foederis,

163 2714 203 2775 30
216 2736 327 2796 magno
347 2716 468 2777 silentio
489 2725 612 2796 propter
632 2717 845 2778 auctoritatem
859 2734 955 2788 snam,
969 2733 1031 2774 non
1046 2734 1117 2774 cum

215 2794 345 2856 adsensu
359 2796 559 2870 audientium,
574 2797 646 2876 egit,
661 2816 715 2876 per
729 2797 800 2857 deos
813 2794 968 2856 foederum
987 2793 1119 2855 arbitros

216 2896 252 2936 ac
273 2876 357 2937 testis
376 2887 516 2936 senatum
541 2876 703 2950 obtestans,
719 2895 759 2937 ne
780 2877 954 2937 Romanum
974 2894 1044 2935 cum
1065 2873 1119 2934 Sa·

215 2957 344 3034 guntino
365 2957 549 3016 suscitarent
570 2956 703 3016 bellum:
733 2956 909 3029 ‘monuisse
931 2953 1119 3034 praedixisse

215 3056 255 3108 sc,
266 3055 304 3096 ne
317 3034 507 3096 Hamilcaris
522 3035 697 3114 progeniem
712 3035 752 3096 ad
766 3036 934 3096 exercitum
946 3034 1118 3106 mitterent3

162 3115 202 3174 35
216 3134 277 3175 non
297 3136 409 3188 manes,
430 3135 492 3175 non
512 3117 639 3194 stirpem
659 3115 723 3194 ejus
744 3116 954 3195 conquiescere
972 3114 1040 3188 viri,
1062 3134 1118 3174 nec

215 3213 371 3272 umquam,
389 3195 484 3254 donec
504 3194 660 3272 sanguinis
681 3195 871 3274 nominisque
892 3194 1018 3255 Barcini
1039 3195 1119 3273 quis·

216 3293 307 3350 quarn
322 3275 459 3351 supersit,
469 3273 611 3350 quietura
623 3273 763 3333 Romana
771 3274 902 3335 foedera
939 3279 956 3306 “
965 3275 1118 3336 Juvenem

217 3353 396 3429 flagrantem
411 3352 555 3430 cupidine
569 3353 654 3430 regni
668 3353 811 3432 viamque
827 3374 921 3414 unam
942 3355 982 3413 ad
1003 3354 1035 3414 id
1057 3375 1119 3414 cer·

217 3441 348 3504 nentem,
369 3431 395 3490 si
415 3451 455 3491 ex
476 3430 564 3492 bellis
585 3430 667 3496 bella
687 3434 813 3494 serendo
833 3434 1005 3494 succinctus
1025 3435 1120 3495 armis
