2616 3790
144 231 206 295 118
320 245 410 292 nrm
436 245 533 293 nrvr
558 243 613 292 nn
638 243 754 294 vnnn
783 242 974 292 connrra

194 401 354 474 haberetis,
368 400 431 480 ipse
451 421 501 461 me
520 399 593 461 huic
612 400 786 464 voluntario
806 400 966 462 certamini
986 401 1096 476 obtuli,

195 503 275 545 novo
301 481 477 560 imperatori
504 479 588 560 apud
615 499 710 540 novos
736 480 848 541 milites
875 499 975 558 pauca
1001 482 1097 543 verba

196 561 337 624 facienda
349 570 429 621 sunt.
464 559 495 620 N
497 580 513 619 e
522 578 618 640 genus
631 559 705 620 belli
719 579 796 621 neve
809 561 926 620 hostem
941 561 1097 637 ignoretis,

196 663 266 704 cum
294 643 330 702 iis
357 648 403 701 est
425 638 521 712 vobis,
542 639 663 711 milites,
684 639 895 720 pugnandum,
916 660 991 719 quos
1014 649 1098 702 terra

163 721 334 802 bmarique
356 719 457 800 priore
480 719 562 780 bello
585 719 710 793 vicistis,
734 740 754 780 a
777 719 888 799 quibus
910 720 1098 799 stipendium

196 822 251 882 per
277 801 388 882 viginti
416 819 513 861 annos
539 800 691 879 exegistis,
718 818 739 860 a
765 800 875 879 quibus
902 812 995 879 capte
1020 799 1098 861 belli

197 882 332 976 praemia
345 880 482 943 Siciliam
496 899 533 940 ac
546 879 721 940 Sardiniam
741 879 870 941 habetis.
910 879 982 940 Erit
1001 879 1099 959 igitur

196 983 229 1022 ιιι
250 962 307 1023 hoc
328 959 493 1022 certamine
513 960 538 1020 is
558 959 645 1022 vobis
670 959 732 1020 illis
754 979 793 1020 ue
816 959 944 1033 animus,
963 961 1016 1052 qui
1035 961 1099 1022 vic·

197 1041 314 1102 toribus
344 1051 376 1102 et
401 1040 492 1103 victis
518 1059 581 1100 esso
607 1038 693 1101 solet
767 1059 801 1100 ec
827 1059 911 1100 nunc
937 1039 995 1112 illi,
1023 1040 1099 1119 quia

145 1123 184 1185 10
198 1121 320 1196 audent,
341 1120 393 1181 sed
414 1120 487 1200 quia
510 1139 629 1181 necesse
652 1128 706 1191 est,
726 1119 895 1198 pugnaturi
921 1128 1010 1193 sunt;
1037 1119 1098 1180 nisi

197 1200 328 1274 creditis,
342 1200 396 1280 qui
416 1200 553 1260 exercitu
566 1199 714 1261 ineolumi
728 1219 863 1279 pugnam
877 1198 1097 1273 detractavere,

197 1301 256 1355 eos,
270 1279 389 1341 duabus
403 1279 540 1360 partibus
554 1281 690 1360 peditum
706 1279 903 1359 equitumque
916 1279 950 1338 in
964 1280 1098 1340 transitu

197 1361 327 1442 Alpium
347 1360 473 1434 amissis,
489 1361 598 1441 [quum
614 1360 717 1440 plures
734 1379 830 1439 poene
843 1358 990 1438 perierint
1003 1379 1098 1438 quam

196 1442 371 1521 supersint]
393 1440 496 1520 pluss
535 1441 547 1501 i
573 1449 679 1502 nactos
699 1459 770 1501 esse
813 1439 876 1500 ‘At
898 1439 981 1499 enim
1005 1439 1097 1519 pauci

145 1523 183 1585 15
197 1521 318 1602 quidem
349 1530 429 1594 sunt,
456 1541 487 1582 se
535 1521 672 1600 vigentes
706 1519 817 1580 animis
850 1518 1098 1599 corporibusque,

197 1621 326 1682 quorum
341 1600 449 1662 robora
463 1621 499 1662 ac
513 1601 591 1664 vires
606 1601 660 1662 vix
674 1600 822 1662 sustinere
835 1600 883 1662 vis
901 1599 969 1661 ulla
982 1599 1096 1680 poesit'

197 1681 322 1761 Effigies
342 1683 443 1753 immo,
464 1680 590 1741 umbrae
610 1680 778 1752 hominum,
799 1680 889 1754 fame,
910 1679 1032 1761 frigore,
1052 1681 1098 1741 in-

196 1761 290 1834 luvie,
304 1762 443 1843 squalore
457 1760 562 1833 enecti,
577 1760 695 1821 contusi
709 1779 745 1820 ac
759 1759 913 1822 debilitati
927 1762 1008 1823 inter
1020 1781 1099 1823 saxa

197 1861 364 1921 rupesque;
384 1840 424 1901 ad
439 1841 495 1900 hoe
509 1839 644 1980 praeusti
658 1849 752 1912 artus,
766 1841 838 1902 nive
853 1841 985 1921 rigentes
999 1843 1098 1916 nervi,

145 1926 185 1988 20
198 1922 334 1982 membra
348 1921 464 1982 torrida
476 1940 513 1998 ge
527 1940 556 1993 u,
565 1929 707 1999 quassata
716 1920 875 2000 fractoque
887 1941 984 1996 anna,
993 1922 1099 1984 claudi

198 2023 234 2063 ae
258 2001 372 2062 debiles
393 2001 472 2080 equi.
514 1999 593 2060 Cum
617 2000 675 2062 hoc
695 2001 806 2080 equite,
827 2021 896 2062 cum
916 2002 975 2064 boo
995 2002 1100 2083 pedite

198 2081 364 2161 pugnaturi
391 2080 477 2152 estis;
512 2079 657 2160 reliquias
685 2091 837 2142 extremas
864 2081 1007 2157 bostium,
1035 2103 1098 2143 non

198 2163 315 2223 hostem
339 2159 505 2233 babebitis3
526 2180 563 2221 ae
584 2160 662 2221 nihil
684 2161 781 2241 magis
801 2181 915 2235 vereor,
936 2183 1029 2242 quam
1049 2183 1099 2237 ne,

198 2263 252 2304 vos
280 2262 349 2302 eum
377 2240 595 2320 pugnaveritis,
623 2240 721 2320 Alpes
748 2241 856 2303 vicisse
886 2241 1099 2304 Hannibalem

146 2327 184 2388 25
199 2322 371 2384 videantur.
412 2319 471 2381 Sed
495 2321 539 2380 ita
564 2320 691 2381 forsitan
715 2319 828 2393 decuit,
849 2339 920 2381 cum
941 2322 1099 2384 foederum

198 2412 322 2482 ruptore
336 2400 413 2461 duee
427 2419 462 2460 ao
477 2400 591 2479 populo
605 2400 676 2461 deos
690 2401 699 2460 i
737 2421 770 2460 os
789 2400 855 2460 sine
875 2401 941 2462 ulla
961 2403 1099 2464 humana

197 2479 1100 2643 lli⁰il0lltiliillfbtmlllifiliiflii

609 2606 618 2633 5

198 2642 352 2703 conficere.

146 2727 185 2788 30
238 2721 327 2782 XLI.
368 2720 441 2782 Non
464 2740 571 2783 vereor
603 2740 642 2782 ne
665 2719 733 2800 quis
756 2740 805 2782 me
828 2721 906 2783 haec
929 2723 1025 2785 vestri
1048 2723 1100 2786 ad·

199 2803 343 2864 hortandi
373 2821 464 2862 causa
495 2801 656 2881 magnifiee
689 2800 773 2880 loqui
807 2803 970 2877 existimet,
998 2805 1100 2883 ipsum

197 2884 288 2944 aliter
308 2883 410 2943 animo
434 2881 589 2946 adfectum
609 2900 680 2942 esse.
722 2881 829 2943 Licuit
849 2883 882 2943 in
903 2882 1100 2963 Hispaniam,

198 2964 388 3043 provinciam
415 2982 523 3035 meam,
551 2981 611 3042 quo
634 2962 700 3041 jam
728 2962 882 3040 profectus
909 2983 1003 3038 eram,
1028 2983 1099 3025 cum

199 3043 333 3106 exercitu
351 3044 396 3103 ire
412 3062 488 3114 meo,
503 3040 557 3101 ubi
577 3049 608 3101 et
628 3043 754 3101 fratrem
776 3042 896 3103 consilii
938 3044 1100 3123 articipem

147 3123 185 3184 35
199 3144 234 3184 ac
254 3123 383 3202 periculi
402 3121 517 3181 socium
539 3119 691 3193 haberem,
705 3130 736 3180 et
752 3063 981 3184 Hasdrubalem
998 3125 1100 3203 potius

199 3222 290 3283 quam
311 3198 520 3260 Hannibalem
541 3199 667 3272 hostem,
681 3208 712 3260 et
732 3201 881 3262 minorem
901 3202 985 3264 haud
1007 3203 1101 3265 dubie

199 3280 310 3342 molem
337 3278 429 3349 belli;
456 3286 568 3347 tamen,
596 3297 665 3337 cum
693 3282 941 3357 praeterveherer
967 3283 1100 3345 navibus

199 3360 321 3422 Galliae
332 3377 426 3428 oram,
436 3356 474 3415 ad
489 3356 603 3415 famam
614 3357 705 3435 hujus
719 3358 813 3420 hostis
827 3361 860 3421 in
874 3370 988 3423 terram
1002 3383 1099 3442 egres-

198 3459 258 3511 sus,
272 3437 434 3517 praemisso
452 3435 600 3513 equitatu,
614 3435 655 3494 ad
675 3436 863 3500 Rhodanum
884 3442 967 3503 movi
988 3451 1098 3504 castra.
