2616 3790
111 195 174 260 138
277 213 367 262 rrrr
396 215 492 265 n1v1
521 191 578 263 ἈΒ
606 217 724 268 vasa
753 218 944 266 conorrs

162 370 1069 536 {affltltttlltlatttfflltttttte

164 540 244 590 sunt.
286 531 450 591 Hannonis
471 532 513 592 cis
533 531 687 593 Hiberum
708 534 868 612 provincia
889 545 973 608 erat;
997 557 1068 596 eum

165 609 330 688 reliquerat
361 609 522 672 Hannibal
550 611 591 672 ad
618 613 751 690 regionis
779 613 844 693 ejus
894 616 1067 677 raesidium.

131 687 283 768 bltaque,
298 690 473 771 priusquam
495 691 705 753 alienarentur
726 694 838 766 omnia,
854 635 975 756 obviam
996 716 1069 756 eun·

164 768 238 829 dum
259 779 352 844 ratus,
373 771 480 832 castris
501 771 533 832 in
556 781 718 852 conspectu
741 773 874 834 hostium
899 775 1013 854 positis,
1034 777 1068 836 in

163 849 260 910 aciem
285 850 400 912 eduxit.
442 849 508 912 Nec
530 851 669 913 Romano
693 852 893 914 differendum
914 865 1068 917 certamen

163 930 272 1002 visum,
293 930 405 1024 quippe
425 931 477 1010 qui
499 932 590 993 sciret
611 953 681 993 cum
703 932 858 994 Hannone
879 943 909 995 et
930 935 1069 997 Hasdru-

163 1008 234 1070 bale
253 1008 311 1070 sib1
332 1011 541 1072 dimicandum
565 1032 636 1087 esse,
657 1013 825 1092 malletque
845 1015 989 1077 adversus
1008 1017 1069 1076 sin·

111 1086 251 1169 iugulos
276 1091 440 1170 separatim
471 1112 563 1170 quam
596 1093 741 1154 adversus
776 1093 851 1155 duos
884 1095 976 1156 simul
1002 1116 1068 1156 rem

184 1190 273 1232 erere
324 1170 390 1232 Nec
414 1173 519 1250 magni
550 1173 724 1236 certaminis
751 1196 788 1236 ea
815 1175 971 1236 dimicatio
998 1176 1067 1237 fuit.

201 1271 223 1310 x
247 1251 334 1312 milia
358 1252 490 1313 boetium
517 1274 613 1329 caesa,
635 1254 696 1316 duo
717 1264 808 1335 capta
829 1275 899 1316 cum
916 1256 1069 1335 praesidio

163 1340 350 1405 castrorum
378 1353 449 1394 nam
478 1342 509 1396 st
539 1344 640 1398 castra
668 1344 845 1415 expugnata
865 1344 948 1408 sunt,
976 1344 1070 1415 atque

162 1412 226 1492 ipse
240 1413 305 1473 dux
319 1433 388 1474 cum
403 1413 521 1493 aliquot
534 1414 724 1496 principibus
739 1416 912 1495 capiuntur,
922 1425 954 1476 et
967 1415 1069 1489 Cissis,

111 1487 149 1549 15
162 1495 342 1573 propincum
366 1495 475 1556 castris
500 1496 657 1576 oppidum,
682 1506 885 1575 expugnatur.
926 1495 1068 1557 Ceterum

162 1574 277 1714 praeda
296 1575 401 1655 oppidi
422 1576 510 1655 parvi
535 1576 613 1655 preti
635 1595 737 1636 rerum
757 1577 825 1648 fuit,
842 1575 980 1654 supellex
1001 1575 1069 1635 bar·

183 1655 267 1716 arica
281 1675 317 1716 ac
332 1655 440 1718 vilium
457 1656 700 1735 mancipiorum
723 1666 822 1717 castra
842 1656 969 1716 militem
991 1656 1069 1716 dita-

161 1753 241 1808 vere,
255 1756 315 1797 non
330 1737 394 1815 ejus
410 1736 500 1797 modo
516 1736 668 1797 exercitus
690 1736 744 1814 qui
757 1736 857 1798 victus
877 1747 951 1809 erat,
965 1736 1017 1797 sed
1038 1744 1069 1796 et

161 1814 226 1893 ejus
239 1818 293 1895 qui
306 1836 375 1877 cum
391 1815 572 1877 Hannibale
587 1817 619 1877 in
636 1815 731 1878 Italia
749 1814 912 1889 militabat,
927 1815 1069 1876 omnibus

108 1885 224 1955 aufere
248 1896 446 1970 coriambus,
473 1916 511 1956 ne
537 1897 645 1976 gravia
671 1896 880 1977 inpedimenta
902 1896 1069 1958 ferentibus

139 1985 268 2048 xessent,
290 1977 367 2037 citra
387 1977 580 2056 Pyrenaeum
602 1976 725 2038 relictis.

205 2056 295 2118 LXI.
337 2057 519 2136 Priusquam
547 2066 631 2118 certa
655 2057 747 2118 hu'us
771 2056 867 2119 cladis
888 2056 971 2118 fama
990 2056 1069 2118 acci·

165 2134 258 2211 deret,
283 2146 484 2216 transgressus
514 2136 667 2197 Hiberum
731 2137 875 2198 asdrubal
903 2157 972 2198 cum
1000 2147 1068 2198 octo

164 2216 290 2278 milibus
313 2217 461 2297 peditum,
486 2217 572 2278 mille
597 2217 743 2296 equitum,
765 2226 923 2296 tamquam
947 2217 987 2278 ad
1008 2217 1068 2296 pri-

108 2299 148 2362 25
164 2317 248 2357 mum
273 2297 438 2359 adventum
466 2297 675 2358 Romanorum
698 2317 886 2371 occursurus,
907 2306 1067 2376 postquam

161 2377 296 2456 perditas
310 2399 356 2440 res
370 2377 411 2439 ad
425 2377 533 2440 Cissim
555 2377 725 2456 amissaque
747 2386 847 2438 castra
867 2378 994 2457 accepit,
1009 2377 1068 2437 iter

161 2456 201 2517 ad
213 2479 295 2520 mare
305 2459 464 2521 convertit.
505 2458 603 2519 Haud
618 2458 726 2538 procul
742 2457 914 2518 Tarracone
929 2457 1068 2518 classicos

161 2537 273 2599 milites
288 2539 472 2618 navalesque
481 2539 577 2599 socios
589 2557 683 2617 vagos
697 2537 891 2616 palantisque
901 2557 955 2616 per
969 2557 1067 2616 agros,

161 2617 243 2696 quod
257 2619 352 2679 ferme
365 2619 409 2693 fit,
425 2628 459 2679 ut
476 2617 628 2680 secundae
648 2637 695 2678 res
716 2617 940 2697 neglegentiam
954 2625 1067 2690 creent,

108 2699 149 2762 30
162 2699 262 2776 equite
289 2699 399 2778 passim
427 2699 560 2771 dimisso,
585 2717 656 2758 cum
685 2717 798 2776 magna
827 2697 927 2770 caede,
952 2697 1067 2757 ma’ore

161 2777 244 2856 fuga,
265 2779 306 2839 ad
325 2799 418 2840 naves
440 2778 603 2858 conpellit3
625 2797 681 2840 nec
703 2777 820 2839 diutius
841 2777 979 2837 circaea
1012 2797 1067 2838 oca

161 2859 273 2919 morari
297 2878 397 2932 aucun,
421 2878 461 2920 ne
487 2858 528 2919 ab
555 2857 697 2938 Scipione
722 2858 954 2938 opprimeretur,
981 2865 1066 2917 trans

160 2937 312 2999 Hiberum
326 2959 389 3000 sese
403 2939 524 3018 recepit.
567 2938 610 2999 Et
630 2937 733 3018 Scipio
755 2938 869 3017 raptim
890 2937 930 2997 ad
950 2936 1065 2996 famam

159 3037 307 3079 novorum
319 3019 452 3080 hostium
463 3018 584 3098 agmine
595 3026 673 3092 acte,
685 3038 753 3078 eum
766 3018 799 3078 in
851 3037 922 3077 ucos
932 3016 1066 3097 praefec-

107 3099 147 3158 35
159 3107 206 3157 tos
219 3100 346 3158 navium
360 3098 634 3170 animadvertisset,
649 3096 800 3176 praesidio
842 3116 987 3158 arracone
1002 3117 1064 3158 mo-

159 3175 229 3236 dico
248 3176 364 3248 relicto,
385 3177 547 3254 Emporias
571 3196 640 3236 cum
662 3176 757 3238 classe
777 3177 878 3238 rediit.
920 3176 1064 3238 Vixdum

158 3254 292 3332 digresso
307 3276 350 3327 eo,
365 3254 544 3314 Hasdrubal
566 3254 682 3328 aderat,
697 3265 728 3317 et
748 3256 915 3335 Ilergetum
938 3257 1063 3335 populo,

159 3334 211 3408 qui
226 3333 343 3394 obsides
362 3332 497 3410 Scipioni
511 3333 645 3406 dederat,
660 3336 700 3394 ad
715 3336 911 3396 defectionem
929 3335 1063 3416 inpulso,

158 3430 353 3473 cumeorum
378 3412 512 3489 ipsorum
535 3412 698 3490 juventute
725 3435 814 3494 agros
838 3415 976 3478 fidelium
1002 3417 1063 3481 Ro·
