2572 3790
458 285 590 333 arana
615 283 640 350 1,
669 267 798 332 18-19.
1081 267 1125 332 35

176 441 229 502 Ex
252 440 363 521 quibus
387 441 471 514 locis,
493 442 549 503 etsi
574 443 707 523 ejusdem
732 440 841 504 aetatis
861 439 976 515 suisset,
997 459 1076 520 quaa

175 522 260 582 fama
274 523 308 582 in
321 520 471 583 Sabinos?
491 531 546 582 aut
560 543 620 601 quo
634 523 758 602 linguae
775 520 954 581 commercio
974 539 1075 600 quem·

175 621 269 695 quam
278 600 319 662 ad
329 601 529 681 cupiditatem
541 602 677 662 discendi
688 600 869 663 excivisset?
883 619 981 680 quove
989 619 1075 681 prae·

175 681 253 742 srdio
263 701 342 741 unus
352 701 408 760 per
417 689 463 742 tot
472 689 576 760 gentes
586 681 720 742 dissonas
733 700 869 742 sermone
881 678 1076 759 moribusque

174 762 383 841 pervenisset?
416 759 531 840 Suopte
544 759 640 841 igitur
653 761 775 841 ingenio
789 767 992 837 temperatum
1011 759 1075 819 ani·
1109 759 1129 821 δ

174 861 262 901 mum
281 839 448 902 virtutibus
467 841 559 914 fuisse
579 841 688 921 opinor
705 839 813 920 magis,
833 839 1076 932 instructumque

174 941 237 983 non
257 929 322 982 tam
342 921 508 1000 peregrinis
528 921 656 995 artibus,
670 941 763 1000 quam
783 918 948 1000 disciplina
966 927 1076 979 tetrica

175 1022 213 1062 ac
237 1001 321 1062 tristi
347 1008 486 1063 veterum
513 999 705 1075 Sabinorum,
730 1020 789 1080 quo
815 1019 926 1080 genere
952 997 1074 1058 nullum

175 1081 330 1162 quondam
350 1080 555 1160 incorruptius
575 1079 643 1142 fuit.

216 1159 334 1223 Audito
346 1161 469 1222 nomine
483 1160 604 1222 Numae
615 1169 719 1248 patres
732 1159 876 1234 Romani,
890 1177 1075 1239 quamquam
1090 1157 1140 1219 ἴθ’

175 1240 321 1302 inclinari
349 1260 420 1320 opes
446 1241 486 1300 ad
514 1240 643 1302 Sabinos
666 1261 737 1320 rege
760 1240 833 1301 inde
852 1247 973 1319 sumpto
992 1237 1076 1300 vide·

175 1321 299 1395 bantur,
313 1329 417 1382 tamen
429 1341 528 1400 neque
542 1341 573 1382 se
587 1321 747 1401 quisquam
765 1339 822 1380 nec
841 1318 983 1380 factionis
1002 1338 1075 1378 suae

175 1401 272 1462 alium
299 1421 356 1462 nec
383 1400 514 1480 denique
538 1409 663 1481 patrum
684 1409 738 1462 aut
758 1400 871 1462 civium
892 1418 1075 1478 quemquam

198 1482 330 1543 raeferre
356 1480 405 1541 illi
431 1482 499 1544 viro
530 1481 605 1555 ausi,
633 1480 674 1541 ad
700 1500 798 1541 unum
825 1497 927 1540 omnes
954 1477 1076 1538 Numae

175 1503 330 1642 l'ompilio
351 1581 384 1622 re
426 1581 480 1621 um
502 1559 698 1622 deferendum
722 1559 897 1621 decernunt
936 1556 1130 1631 Accitus,15

175 1643 257 1703 sicut
284 1642 362 1702 Rom
399 1662 434 1702 us
462 1649 611 1720 augurato
644 1640 721 1701 urbe
754 1635 915 1700 condenda
947 1657 1075 1717 regnum

176 1722 305 1802 adeptus
325 1730 378 1796 est,
394 1721 432 1782 de
447 1741 479 1782 se
493 1741 612 1801 quoque
631 1721 704 1782 deos
723 1718 842 1782 consuli
856 1717 957 1800 jussit
998 1717 1076 1778 Inde

176 1802 217 1863 ab
245 1822 369 1881 augure,
398 1801 449 1862 cui
475 1800 585 1862 deinde
612 1801 735 1862 honoris
762 1820 833 1879 ergo
859 1797 1019 1879 publicum
1042 1796 1076 1858 id

175 1891 417 2021 perpetuumque
437 1880 639 1943 sacerdotium
659 1881 728 1956 fuit,
742 1879 890 1941 deductus
911 1879 944 1939 in
964 1897 1074 1951 arcem,

176 1963 211 2022 in
244 1961 334 2040 apide
354 1962 394 2021 ad
414 1961 571 2022 meridiem
592 1981 696 2023 versus
717 1960 861 2022 consedit.
903 1957 1015 2038 Augur
1034 1957 1074 2018 ad
1090 1959 1130 2020 20

174 2041 298 2102 laevam
313 2041 376 2120 ejus
391 2042 491 2120 capite
505 2041 606 2102 velato
626 2041 728 2101 sedem
748 2039 838 2119 cepit,
852 2039 963 2100 dextra
981 2057 1076 2098 manu

175 2120 322 2181 baculum
349 2121 415 2180 sine
440 2120 522 2181 nodo
541 2120 696 2181 aduncum
716 2129 831 2194 tenens,
873 2139 942 2180 uem
962 2118 1075 2178 lituum

175 2199 383 2286 appellanmt
424 2199 579 2274 Indeubi,
593 2208 754 2281 prospectu
775 2200 808 2259 in
828 2139 935 2259 ullrem
955 2217 1075 2277 agrum·

176 2300 237 2359 que
251 2287 349 2359 capto,
365 2279 435 2341 deos
448 2288 589 2373 precatus
602 2280 739 2360 regiones
753 2279 792 2340 ab
807 2279 921 2339 oriente
937 2277 977 2338 ad
991 2296 1075 2338 occa·

176 2380 245 2421 sum
259 2359 484 2434 determinavit,
494 2359 618 2420 dextras
631 2359 672 2420 ad
686 2359 843 2420 meridiem
854 2367 963 2437 partes,
972 2356 1075 2418 laevas
1089 2358 1130 2418 25

177 2440 218 2500 ad
238 2440 484 2518 septemtrionem
504 2459 567 2500 esse
587 2439 684 2513 dixit3
705 2440 730 2500 si
753 2458 827 2499 num
846 2447 960 2511 contra,
974 2435 1075 2516 quoad

172 2519 352 2598 ‘longissime
368 2527 561 2660 conspectum
576 2519 658 2581 oculi
671 2461 818 2591 ferelant,
833 2517 935 2578 animo
955 2515 1074 2589 finivit;

176 2609 254 2673 tum,
277 2598 354 2660 lituo
378 2599 412 2660 in
447 2619 555 2661 aeram
579 2620 705 2660 manum
728 2597 887 2670 translato,
909 2597 1019 2657 dextra
1043 2597 1075 2656 in

176 2687 271 2758 caput
290 2678 413 2740 Numae
430 2680 580 2760 imposita,
595 2690 736 2759 precatus
756 2679 801 2739 ita
821 2687 881 2738 est:
903 2677 1076 2757 “Juppiter

176 2769 273 2839 pater,
287 2759 314 2820 si
334 2767 380 2821 est
395 2759 442 2820 fas
460 2761 542 2821 hunc
560 2759 696 2820 Numam
710 2758 906 2837 Pompilium,
920 2757 1006 2836 cujus
1020 2777 1075 2835 ego
1090 2757 1130 2817 30

176 2847 271 2918 caput
291 2847 387 2914 teneo,
402 2860 503 2920 regem
527 2839 644 2900 Romae
668 2859 739 2914 esse,
759 2838 806 2900 uti
828 2847 862 2898 tu
882 2838 969 2916 signa
989 2836 1075 2897 nobis

175 2908 461 2981 certa⁸adclarassis
484 2919 564 2982 inter
588 2941 637 2982 eos
660 2920 744 2994 fines,
769 2938 843 2999 quos
866 2916 953 2978 feci.'’
996 2915 1075 2975 Tum

175 2999 295 3092 peregit
321 2998 424 3062 verbis
451 3001 596 3080 auspicia,
620 3020 700 3080 quae
726 2999 808 3060 mitti
831 2997 941 3070 vellet3
966 2996 1075 3076 quibus

175 3081 275 3140 missis
290 3079 461 3142 declaratus
475 3101 531 3141 rex
544 3080 650 3141 Numa
664 3080 702 3142 de
715 3078 830 3159 templo
844 3076 1007 3138 descendit.

216 3159 314 3222 XIX.
355 3159 420 3238 Qui
433 3180 526 3241 regno
540 3161 584 3222 ita
597 3161 713 3242 potitus
726 3160 832 3220 urbem
843 3178 964 3231 novam,
976 3155 1077 3217 condi·
1091 3156 1129 3216 35

175 3248 241 3302 tam
255 3240 289 3302 vi
302 3247 333 3302 et
345 3241 447 3316 armis,
457 3241 529 3321 jure
544 3261 612 3302 eam
629 3240 807 3320 legibusque
827 3258 864 3299 ac
884 3236 1018 3299 moribus
1039 3235 1077 3296 de

175 3320 295 3400 integro
310 3321 440 3382 condere
452 3328 550 3401 parat.
593 3320 714 3397 Quibus
735 3339 805 3380 cum
825 3319 906 3378 inter
925 3315 1006 3375 bella
1026 3314 1077 3372 ad-

175 3421 313 3461 suescere
329 3402 449 3463 videret
469 3421 532 3461 non
554 3421 647 3480 posse,
674 3399 802 3477 (quippe
824 3394 942 3456 efferari
964 3391 1077 3450 militia

175 3481 320 3561 animos)
334 3479 540 3560 mitigandum
554 3480 686 3539 ferocem
699 3475 848 3555 populum
862 3488 1015 3531 armorum
1030 3466 1078 3523 de-

257 3679 266 3710 ι
317 3593 393 3722 l*
429 3673 470 3712 ss

1151 1163 1158 1167 .
1201 1098 1235 1170 J
