2572 3790
119 217 162 284 64
292 234 382 281 mur
408 233 504 283 n1v1
529 231 585 280 rs
611 232 725 282 veen
753 231 945 282 conum

51 210 100 318 d,

78 396 95 458 κζ
171 389 252 471 quod
266 393 370 451 murus
384 398 451 468 post
465 389 507 462 id,
521 388 690 468 pomerium
704 388 837 449 Romani
856 387 1071 468 appellarunt;

74 467 99 556 ζ
171 471 248 533 etin
262 469 346 530 urhis
359 469 546 530 incremento
566 489 694 548 semper,
708 478 856 547 quantum
871 470 991 529 moenia
998 489 1073 608 pro·

61 545 105 612 *s
170 570 290 692 passura
304 558 400 623 erant,
415 557 537 609 tautum
556 548 681 611 termini
701 547 734 608 hi
754 549 921 609 consecrati
942 568 997 627 pro
1010 567 1073 608 ere-

192 640 292 690 antur.
353 679 354 682 ¹
631 667 632 670 =

22 693 203 783 fb*
211 708 314 771 XLV.
355 707 460 769 Aucta
474 707 600 770 civitate
610 707 822 786 magnitudine
832 706 926 781 urhis,
935 707 1074 768 formatis

6 785 18 798 '
171 789 311 852 omnibus
324 788 407 849 domi
420 797 450 848 et
464 787 504 848 ad
519 787 593 848 belli
607 787 691 849 etad
706 787 789 866 pacis
803 806 883 861 usus,
898 808 937 848 ne
956 807 1075 866 semper

171 870 263 931 armis
284 887 354 948 opes
374 869 614 948 acquirerentur,
629 867 756 929 consilio
777 887 890 946 augere
910 867 1073 946 imperium

172 958 297 1010 conatus
307 956 360 1022 est,
369 948 459 1008 simul
474 956 505 1009 et
519 947 643 1026 aliquod
657 946 769 1008 addere
779 946 850 1006 urbi
863 947 963 1007 decus.
998 946 1022 1008 J
1023 967 1074 1006 am

170 1038 238 1091 tum
252 1038 318 1090 erat
331 1028 472 1089 inclitum
487 1027 608 1088 Dianae
622 1027 773 1107 Ephesiae
787 1027 902 1087 fanum.
944 1025 983 1086 Id
995 1047 1075 1087 com·

121 1109 159 1170 10
173 1109 306 1169 muniter
328 1129 348 1168 a
372 1107 549 1169 civitatibus
569 1106 675 1180 Asiae,
691 1106 807 1168 factum
834 1106 918 1168 fama
945 1105 1073 1167 ferebat.

173 1189 255 1250 Eum
279 1207 457 1249 consensum
480 1188 611 1267 deosque
633 1186 818 1248 consociatos
845 1186 973 1248 laudare
997 1187 1075 1246 mire

172 1269 295 1330 Servius
317 1269 397 1328 inter
415 1274 553 1348 proceres
571 1267 846 1338 latinorumcum
869 1267 980 1347 quibus
999 1264 1076 1345 pub·

172 1349 231 1410 lice
249 1347 455 1428 privatimque
476 1347 609 1427 hospitia
630 1347 840 1426 amicitiasque
862 1347 900 1407 de
922 1345 1076 1408 industria

173 1429 329 1509 junxerat.
371 1427 467 1506 Saepe
490 1427 630 1488 iterando
653 1427 758 1488 eadem
782 1427 918 1520 perpulit
938 1426 1074 1499 tandem,

121 1508 159 1569 15
173 1517 208 1568 ut
222 1509 338 1569 Romae
351 1507 457 1568 fanum
472 1507 593 1568 Dianae
613 1507 720 1588 populi
740 1507 848 1568 Latim
868 1526 939 1567 cum
960 1505 1075 1586 populo

174 1588 312 1649 Romano
333 1587 476 1648 facerent.
518 1587 567 1648 Ea
587 1596 654 1649 erat
675 1587 831 1662 confessio,
854 1597 947 1667 caput
972 1606 1075 1646 rerum

174 1668 304 1728 Romam
318 1687 388 1740 esse,
403 1667 441 1727 de
454 1687 514 1747 quo
528 1668 637 1729 totiens
651 1668 745 1729 armis
758 1678 909 1729 certatum
923 1667 1032 1730 fuerat.

213 1747 252 1807 Id
265 1766 451 1826 quamquam
469 1747 612 1808 omissum
628 1749 695 1828 jam
715 1769 755 1809 ex
775 1749 912 1809 omnium
927 1750 1075 1810 curaLa·

173 1827 307 1887 tinorum
328 1826 367 1887 ob
387 1846 451 1886 rem
471 1827 581 1888 totiens
602 1827 767 1890 infeliciter
784 1837 966 1909 temptatam
981 1832 1075 1892 armis

121 1909 160 1970 20
173 1905 343 1980 videbatur,
352 1907 406 1966 uni
420 1926 452 1967 se
465 1927 504 1967 ex
518 1907 639 1969 Sabinis
653 1909 715 1970 fors
730 1910 803 1971 dare
817 1911 885 1974 visa
894 1921 940 1972 est
950 1913 1072 1992 privato

173 1987 299 2047 consilio
324 1986 444 2065 imperii
467 1983 697 2067 recuperandi.'
719 1989 781 2052 Bos
801 1992 834 2052 in
857 1991 979 2053 Sabinis
1000 2002 1074 2052 nata

19 2081 54 2128 κ
174 2066 295 2128 cuidam
314 2066 394 2146 patri
411 2065 548 2128 familiae
567 2067 681 2130 dicitur
702 2071 843 2133 miranda
862 2073 1075 2152 magnitudine

173 2167 209 2207 ac
229 2146 344 2225 specie;
365 2145 428 2206 fixa
452 2167 506 2225 per
529 2148 641 2209 multas
664 2158 778 2212 aetates
799 2172 914 2213 cornua
934 2154 966 2212 in
987 2153 1075 2214 vesti·

173 2226 247 2287 bulo
265 2226 372 2305 templi
390 2225 511 2287 Dianae
532 2239 762 2291 monumentum
776 2232 804 2292 ei
818 2232 904 2293 fuere
917 2232 1073 2293 miraculo.

35 2336 43 2355 ι
121 2309 159 2368 25
173 2306 301 2378 Habita,
322 2315 357 2367 ut
384 2315 458 2379 erat,
479 2326 526 2368 res
553 2308 687 2389 prodigii
709 2311 776 2372 loco
804 2321 858 2384 est,
884 2321 914 2373 et
939 2313 1075 2374 cecinere

173 2396 267 2460 vates,
286 2386 372 2466 cujus
393 2387 528 2448 civitatis
549 2408 617 2448 eam
641 2390 716 2452 civis
739 2390 860 2452 Dianae
882 2392 1074 2464 immolasset,

173 2466 217 2527 ibi
243 2467 308 2527 fore
334 2467 513 2546 imperium;
548 2468 640 2548 idque
668 2490 790 2533 carmen
819 2481 1000 2550 pervenerat
1033 2472 1074 2532 ad

173 2547 340 2607 antistitem
354 2546 419 2606 fani
434 2546 563 2610 Dianae.
606 2549 747 2624 Sabinus,
761 2561 797 2612 ut
810 2551 910 2631 prima
924 2572 943 2612 a
964 2561 997 2612 ta
1010 2552 1075 2612 dias

172 2626 319 2688 sacrificio
333 2626 399 2688 visa
412 2636 466 2701 est,
481 2626 600 2704 bovem,
616 2630 746 2691 Romam
768 2641 878 2705 actam,
892 2632 912 2691 d
953 2632 1016 2693 ucit
1034 2631 1076 2692 ad

121 2707 159 2769 30
174 2708 280 2767 fanum
304 2705 425 2768 Dianae
448 2716 479 2768 et
503 2718 575 2770 ante
602 2731 687 2770 aram
715 2712 831 2773 statuit.
874 2711 924 2772 Ibi
949 2712 1076 2773 antistes

174 2787 339 2860 Romanus,
362 2807 525 2848 cumeum
549 2791 730 2869 magnitudo
752 2793 896 2854 victimae
920 2792 1075 2853 celebrata

173 2867 257 2927 fama
280 2867 431 2940 movisset,
451 2888 566 2929 memor
590 2870 734 2949 responsi,
755 2871 905 2933 Sabinum
926 2872 971 2932 ita
993 2872 1076 2932 adlo-

174 2947 295 3026 quitur:
317 2947 491 3086 ‘fffiuidnam
512 2958 556 3020 tu,
577 2949 693 3028 hospes,
716 2953 854 3030 parasl”
875 2953 985 3031 inquit,
1006 2953 1077 3012 “in-

117 3068 163 3077 -
174 3037 253 3088 ceste
272 3028 351 3088 sacri
375 3029 456 3087 cium
471 3027 591 3089 Dianae
605 3029 727 3092 facere?
768 3031 854 3109 Quin
868 3042 902 3092 tu
917 3041 989 3092 ante
1003 3033 1087 3100 vivo¹

122 3107 159 3167 35
174 3107 365 3186 perfunderis
387 3107 535 3168 flumine?
555 3109 661 3169 infima
674 3110 757 3171 valle
771 3111 915 3190 praefluit
929 3111 1076 3172 'liberis''

174 3187 335 3265 Religione
355 3195 455 3246 tactus
478 3188 594 3266 hospes,
609 3190 661 3267 qui
683 3192 794 3263 omnia,
816 3200 851 3253 ut
872 3191 1012 3270 prodigio
1033 3211 1078 3251 re

174 3267 335 3344 sponderet
358 3275 493 3338 eventus,
515 3277 638 3345 cuperet
664 3270 722 3330 rite
742 3269 832 3344 facta,
854 3266 1007 3350 extemplo
1028 3271 1079 3330 de-

175 3345 292 3405 scendit
302 3345 341 3404 ad
353 3344 488 3404 Tiberim
498 3367 505 3417 ;
517 3345 632 3406 interea
645 3347 800 3409 Romanus
809 3350 948 3411 immolat
958 3351 1079 3412 Dianas

175 3423 294 3487 bovem.
335 3423 374 3484 Id
389 3424 464 3484 mire
477 3433 600 3504 gratum
614 3427 678 3506 regi
693 3437 785 3507 atquc
799 3430 919 3493 civitati
933 3431 1003 3492 fuit
