2572 3790
150 220 192 288 78
315 240 406 288 cm
432 239 529 290 n1v1
556 241 611 288 sa
637 240 964 292 vuasconum

200 397 273 458 titas
294 396 410 459 incitat.
451 396 495 458 Et
512 405 577 458 turn
595 398 719 478 quidem
739 397 779 460 ab
794 410 944 462 nocturno
959 401 1101 481 juvenali

199 476 274 537 ludo
288 477 321 536 in
335 485 433 538 castra
447 477 584 539 redeunt

240 555 365 618 LVIII.
406 556 516 618 Paucis
530 557 695 637 interjectis
706 557 812 621 diebus
822 559 892 620 Sex.
904 559 1101 641 Tarquinius,

122 715 123 718 Ἴ
200 635 294 696 inscio
320 635 482 709 Collatino,
506 657 577 698 cum
600 639 711 699 comite
734 659 796 700 uno
820 639 984 701 Collatiam
1005 642 1101 704 venit.

167 715 265 778 tubi
286 725 431 856 exceptus
452 716 583 796 benigue
604 717 645 778 ab
667 718 781 797 ignaris
804 720 933 793 consilii,
949 741 1019 782 oum
1033 730 1102 800 post

199 815 307 857 cenam
321 796 353 855 in
390 796 518 874 ospitale
532 797 709 858 cubiculum
728 798 877 859 deductus
898 810 983 874 esset,
998 821 1102 862 amore

198 876 317 949 ardens,
339 884 498 955 postquam
525 877 598 937 satis
622 886 692 938 tuta
715 877 798 938 circa
824 879 976 958 sopitique
997 901 1101 941 omnes

199 955 392 1029 videbantur,
405 956 511 1018 stricto
527 956 631 1036 gladio
649 957 690 1018 ad
708 957 909 1020 dormientem
923 958 1101 1021 Lucretiam

198 1035 293 1109 venit,
313 1036 495 1115 sinistraque
523 1057 616 1098 manu
644 1037 779 1099 mulieris
807 1048 928 1117 pectore
948 1060 1100 1119 oppresso,

146 1115 186 1181 1'0
200 1119 218 1147 “
227 1123 303 1188 tace,
317 1116 491 1189 Lucretia,’'
506 1117 616 1197 inquit,
632 1122 650 1149 “
659 1117 729 1179 Sex.
745 1116 931 1198 Tarquinius
944 1139 1028 1192 eum;
1043 1120 1101 1180 fer-

197 1215 267 1256 rum
281 1196 314 1255 in
328 1216 422 1256 manu
436 1206 482 1256 est
490 1218 498 1269 ;
513 1197 649 1271 moriere,
660 1197 687 1257 si
700 1198 834 1258 emiseris
845 1199 978 1260 vocem.”
1019 1199 1100 1260 Cum

198 1276 313 1354 pavida
325 1296 365 1336 ex
377 1296 481 1338 somno
496 1277 606 1337 mulier
619 1277 736 1337 nullam
752 1298 849 1356 opem,
864 1299 957 1357 prope
971 1287 1113 1340 mortem·

197 1356 396 1417 inminentem
410 1357 536 1430 videret,
554 1365 620 1417 tum
638 1357 822 1437 Tarquinius
843 1358 933 1419 fateri
954 1379 1098 1433 amorem,

197 1457 293 1510 orare,
303 1437 428 1497 miscere
438 1437 578 1516 precibus
588 1438 695 1509 minas,
705 1457 826 1499 versare
836 1437 867 1497 in
879 1459 981 1498 omnes
996 1449 1098 1518 partes

145 1517 184 1581 15
197 1516 376 1578 muliebrem
390 1517 536 1577 animum.
577 1517 642 1578 Ubi
663 1517 846 1578 obstinatam
861 1518 985 1579 videbat
1006 1529 1037 1580 et
1057 1539 1097 1580 ne

196 1598 303 1658 mortis
317 1597 440 1677 quidem
454 1606 537 1658 metu
551 1596 706 1670 inclinari,
720 1597 808 1658 addit
825 1597 865 1657 ad
879 1608 995 1659 metum
1009 1599 1098 1658 dede-

191 1697 266 1739 cus:
288 1699 357 1738 cum
380 1686 501 1738 mortua
524 1677 702 1757 jugulatum
728 1697 851 1738 servum
878 1679 994 1738 nudum
1019 1678 1097 1757 posi·
1131 1695 1132 1698 ’

196 1767 301 1819 turum
325 1758 377 1832 ait,
400 1768 436 1819 ut
459 1758 492 1817 in
514 1757 635 1818 sordido
658 1756 811 1818 adulterio
834 1766 942 1818 necate
966 1758 1096 1820 dicatur.

197 1836 267 1915 Quo
290 1847 404 1899 terrore
426 1857 495 1898 cum
509 1837 632 1900 vicisset
652 1836 836 1897 obstinatam
850 1837 1031 1916 pudicitiam
1045 1859 1096 1899 ve·

143 1919 182 1981 20
197 1918 245 1978 lut
254 1917 366 1978 victrix
380 1916 483 1992 libido,
490 1917 701 1997 profectusque
720 1916 792 1976 inde
812 1916 995 1995 Tarquinius
1009 1918 1097 1978 ferox

195 2008 370 2078 expugnato
398 1998 505 2059 decore
532 1997 675 2058 muliebri
702 2005 786 2070 esset,
808 1996 953 2056 Lucretia
980 2007 1097 2058 maesta

195 2086 281 2138 tanto
309 2078 391 2139 malo
417 2079 561 2139 nuntium
593 2079 725 2139 Romam
753 2077 881 2137 eundern
909 2076 949 2136 ad
976 2085 1112 2156 patrem

194 2158 391 2238 Ardeamque
417 2158 458 2218 ad
482 2159 583 2220 virum
608 2157 712 2230 mittit,
727 2165 763 2217 ut
785 2176 854 2216 cum
875 2156 1004 2235 singulis
1024 2155 1095 2216 fide

194 2236 275 2298 libus
301 2237 406 2300 amicis
433 2239 577 2311 veniant;
597 2238 642 2298 ita
669 2238 751 2298 facto
778 2245 991 2316 maturatoque
1018 2257 1095 2315 opus

141 2319 180 2380 25
194 2337 273 2390 esse;
294 2338 358 2379 rem
378 2327 510 2379 atrocem
531 2317 680 2378 incidisse.

234 2397 361 2478 Spurius
386 2399 546 2458 Lucretius
570 2417 641 2458 oum
665 2397 700 2458 P.
726 2395 862 2469 Valerio,
886 2395 994 2457 Volesi
1017 2395 1092 2470 filio,

192 2476 365 2538 collatinus
379 2499 448 2540 oum
463 2478 499 2538 L.
514 2478 537 2540 J
538 2479 611 2537 unio
625 2478 723 2538 Bruto
737 2477 832 2550 venit,
847 2496 915 2536 cum
937 2496 997 2556 quo
1017 2476 1096 2537 forte

194 2557 325 2619 Romam
353 2559 472 2619 rediens
499 2558 538 2618 ab
566 2557 674 2618 nuntio
698 2557 803 2617 uxoris
828 2565 893 2616 erat
917 2565 1093 2617 conventus.

193 2637 369 2699 Lucretiam
391 2638 544 2699 sedentem
561 2647 706 2698 maestam
721 2637 754 2696 in
769 2635 909 2696 cubiculo
923 2637 1094 2696 inveniunt

140 2717 180 2780 30
193 2717 341 2780 Adventu
355 2738 479 2778 suorum
493 2718 638 2778 lacrimae
652 2716 785 2789 obortae,
800 2717 1017 2795 quaerentique
1028 2716 1095 2777 viro

195 2798 302 2858 “satin
315 2797 421 2859 salve?
432 2799 449 2824 ’'
469 2796 647 2857 “minime''
663 2797 772 2876 inquit,
789 2795 890 2875 “quid
912 2796 994 2855 enim
1013 2795 1094 2856 salvi

193 2885 239 2937 est
258 2877 379 2937 mulieri
403 2877 513 2938 amissa
537 2877 709 2956 pudicitia?
749 2875 889 2954 Vestigio
910 2875 972 2937 viri
991 2875 1095 2948 alieni,

193 2955 355 3030 Collatino,
370 2958 402 3016 in
416 2957 495 3017 lecto
509 2966 581 3018 sunt
594 2965 666 3028 tuo;
687 2964 819 3016 ceterum
836 2973 944 3034 corpus
965 2964 1011 3016 est
1030 2964 1097 3015 tan-

193 3044 260 3096 tum
274 3036 433 3110 violatum,
447 3037 568 3097 animus
582 3037 701 3108 insons;
722 3055 802 3095 mors
822 3035 907 3095 testis
927 3035 994 3095 erit.
1035 3035 1096 3096 Sed

12 3163 13 3182 ι
140 3115 264 3177 sedate
288 3116 412 3176 dextras
436 3116 597 3196 fidemque,
614 3115 699 3176 haud
721 3115 836 3194 inpune
859 3114 999 3176 adultero
1021 3114 1096 3176 fore.

12 3189 13 3272 l
192 3194 262 3256 Sex.
285 3204 330 3255 est
351 3194 543 3274 Tarquinius,
565 3195 627 3274 qui,
650 3195 744 3255 hostis
768 3215 824 3274 pro
846 3194 973 3274 hospite,
996 3194 1098 3274 priore

12 3275 13 3312 l
192 3284 282 3334 noete
297 3275 328 3336 vi
343 3285 477 3334 armatus
492 3275 567 3334 mihi
581 3274 708 3352 sibique,
722 3276 748 3334 si
762 3295 816 3335 vos
830 3274 890 3337 viri
912 3275 991 3348 estis,
1006 3275 1097 3354 pesti-

192 3354 291 3414 ferum
306 3354 379 3414 hinc
392 3353 520 3415 abstulit
542 3354 718 3434 gaudium.’'
761 3354 847 3415 Dant
868 3355 973 3415 ordine
993 3375 1098 3415 omnes
