2628 3796
635 1017 687 1068 ΡΧ

252 1201 410 1295 IIII
451 1201 613 1294 LIVI
657 1202 1073 1306 HISTORIIS.

209 1545 263 1612 1x,
281 1504 875 1596 17-19.-'rmxm1>n1muu1rr
889 1547 1120 1602 nousuouvrr

570 1633 757 1684 coumrm.

249 1783 363 1847 XVII.
404 1781 511 1845 Nrmu
525 1781 625 1844 minus
640 1783 809 1863 quaesitum
824 1805 844 1846 u
857 1784 1008 1868 principio
1026 1787 1117 1870 hujus

210 1865 310 1944 operis
329 1861 429 1926 videri
452 1873 560 1944 potest,
581 1884 674 1944 quam
698 1873 733 1925 ut
756 1864 826 1944 plus
846 1867 929 1946 justo
954 1865 994 1928 ab
1015 1887 1136 1930 rerum·

210 1945 317 2006 ordine
326 1944 522 2018 declinarem,
533 1943 793 2024 varietatibusque
803 1945 1017 2026 distinguendo
1028 1969 1118 2029 opere

209 2033 241 2085 et
261 2024 433 2105 legentibus
453 2023 540 2086 velut
563 2023 753 2086 deverticula
776 2045 903 2087 amoena
927 2035 958 2088 et
982 2030 1117 2108 requiem

210 2105 312 2166 auimo
333 2124 399 2166 meo
420 2122 614 2184 quaererem3
641 2111 743 2164 tumen
768 2105 847 2165 tunti
871 2107 950 2186 regis
974 2109 1117 2170 seducis
1151 2109 1171 2171 δ

209 2185 335 2259 mentio,
355 2184 466 2264 quibus
486 2203 576 2263 saepe
596 2183 699 2245 tacitis
719 2184 954 2264 cogitationibus
975 2187 1117 2250 volutavi

210 2265 357 2339 animum,
371 2285 422 2326 eus
444 2273 552 2326 evocat
573 2263 606 2324 iu
628 2264 772 2338 medium,
793 2273 829 2326 ut
848 2284 992 2344 quaerere
1012 2267 1116 2342 libeat,

231 2346 336 2406 uinum
361 2351 486 2408 eventus
510 2343 657 2406 Romanis
678 2343 777 2417 rebus,
796 2343 823 2404 si
847 2365 916 2405 cum
937 2345 1118 2409 Alexandro

209 2366 288 2486 leret
311 2425 470 2497 bellatum,
490 2424 612 2485 futurus
636 2423 738 2484 fuerit.
779 2423 953 2484 Plurimum
978 2426 1011 2486 in
1035 2427 1117 2489 bello

209 2505 326 2584 pollere
353 2505 497 2566 videntur
524 2504 659 2564 militum
688 2503 776 2583 copia
803 2511 834 2564 et
858 2503 964 2579 virtus,
993 2506 1117 2586 ingenia
1131 2508 1171 2572 10

209 2585 437 2665 imperatorum,
447 2584 579 2657 fortuna,
593 2603 648 2663 per
661 2583 765 2645 omniu
776 2583 922 2658 humana,
937 2587 1070 2648 maxims
1083 2589 1116 2649 in

209 2685 255 2725 res
270 2665 396 2725 bellicas
409 2673 533 2745 potens;
548 2683 585 2724 ea
595 2673 624 2724 et
638 2663 761 2743 singula
775 2664 906 2726 intuenti
919 2675 949 2726 et
964 2666 1117 2742 universa,

208 2745 288 2806 sicut
301 2745 341 2806 ab
355 2743 424 2806 aliis
438 2743 560 2824 regibus
573 2743 783 2823 gentibusque,
798 2744 842 2806 itu
862 2743 902 2806 ab
923 2745 980 2807 hoc
997 2767 1117 2827 quoque

208 2824 299 2885 facile
313 2832 470 2904 praestant
483 2824 632 2886 invictum
645 2823 818 2885 Romanum
830 2825 1000 2905 imperium.
1041 2827 1064 2888 J
1065 2848 1116 2887 am

208 2905 352 2983 primum,
376 2913 411 2965 ut
435 2904 539 2965 ordiar
565 2902 605 2964 ab
633 2902 762 2964 ducibus
790 2907 1011 2984 comparandis,
1032 2905 1116 2968 haud
1132 2908 1170 2970 15

208 2984 348 3063 equidem
363 2983 474 3058 abnuo,
485 2983 640 3063 egregium
654 2984 763 3045 ducem
776 2984 869 3045 luisse
882 2985 1114 3060 Alexandrum

207 3064 260 3124 sed
276 3063 435 3125 clariorem
450 3072 553 3125 tamen
568 3073 637 3123 eum
651 3063 735 3136 fecit,
749 3064 832 3143 quod
852 3083 930 3125 unus
951 3065 1020 3138 fuit,
1034 3067 1115 3145 quod

206 3144 386 3205 adulescens
413 3144 445 3203 in
473 3144 659 3204 incremento
686 3161 797 3218 rerum,
823 3144 960 3205 nondum
987 3144 1117 3206 alteram

207 3223 365 3285 fortunam
392 3233 545 3304 expertus,
566 3221 701 3283 decessit.
743 3221 790 3285 Ut
812 3223 889 3284 ulios
913 3245 997 3305 reges
1018 3224 1116 3286 claros

207 3302 360 3383 ducesque
374 3304 523 3376 omittam,
537 3321 650 3381 magna
670 3301 812 3381 exemplu
832 3322 957 3363 casuum
971 3303 1115 3362 humano·
1131 3305 1170 3363 20

206 3403 285 3458 rum,
295 3383 421 3478 Cyrum,
431 3402 519 3462 quem
532 3382 666 3440 maxime
677 3379 788 3440 Graeci
799 3380 940 3440 laudibus
952 3379 1116 3450 celebrant,

206 3464 282 3543 quid
296 3463 357 3525 msi
370 3463 464 3542 longa
477 3461 554 3534 vitu,
567 3461 646 3520 sicut
659 3459 809 3536 Magnum
823 3457 912 3517 modo
927 3454 1116 3576 Poffeium,
