2616 3790
133 232 196 298 158
302 247 393 294 rrrr
419 247 516 297 n1v1
541 247 597 295 Aa
623 247 738 296 vnan
767 245 956 295 eonarru

184 404 302 479 bamus,
316 404 510 466 scandentem
526 403 646 465 moenia
660 405 818 466 Romanae
838 403 977 466 coloniae
996 403 1085 466 Hau·

185 485 321 547 nibalem
340 485 417 546 lenti
436 487 625 565 spectamus!
663 484 780 545 Fumus
800 505 841 545 ex
860 485 1010 546 incendiis
1030 483 1087 546 vil·

186 566 287 627 larum
307 585 510 644 agrorumque
529 565 562 624 in
583 565 686 626 oeulos
706 573 799 644 atque
819 585 874 627 ora
890 565 993 639 venit3
1014 573 1088 625 stre-

186 654 266 727 punt
285 665 373 706 aures
391 644 573 706 clamoribus
592 645 781 725 plorantium
794 645 953 719 sociorum,
967 644 1089 724 saepius

154 728 322 790 buostram
341 744 434 804 quam
455 725 581 786 deorum
601 725 812 787 invocantium
832 744 936 804 opem;
961 745 1016 786 nos
1036 723 1088 785 hic

186 825 330 887 pecorum
354 804 444 866 modo
468 825 522 884 per
544 805 675 867 aestivos
697 804 794 865 saltus
815 805 979 885 deviasque
999 805 1089 866 callis

186 886 358 947 exercitum
384 885 534 958 ducimus,
555 884 672 945 conditi
698 883 832 945 nubibus
857 883 1013 964 silvisque.
1054 883 1089 945 Si

187 965 246 1027 hoc
259 965 349 1026 modo
362 984 435 1044 pera
493 963 554 1025 ndo
568 963 729 1026 cacumina
744 963 900 1044 saltusque
914 965 959 1026 M
974 964 1089 1025 Furius

186 1045 321 1125 recipere
347 1065 368 1105 a
393 1042 495 1105 Galia
522 1043 630 1104 urbem
655 1043 891 1124 voluissetque
915 1045 966 1106 hic
990 1064 1089 1106 novus

139 1129 174 1192 10
188 1125 347 1200 Camillus,
372 1123 461 1187 nobis
488 1123 621 1186 dictator
649 1124 756 1186 unicus
783 1125 816 1185 in
844 1124 934 1186 rebus
960 1124 1089 1185 adfectis

209 1205 349 1279 uaesitus,
371 1204 498 1266 Italiam
522 1203 561 1265 ab
585 1203 766 1265 Hannibale
789 1225 969 1285 recuperare
989 1212 1089 1285 parat,

218 1285 349 1346 allorum
363 1285 464 1346 Roma
477 1293 563 1358 esset,
572 1305 664 1364 quam
678 1304 784 1346 vereor
798 1305 846 1358 ne,
860 1286 905 1346 sic
919 1284 1089 1346 cunctanti-

187 1365 244 1426 bus
264 1365 359 1438 nobis,
381 1365 556 1426 Hannibali
577 1385 613 1426 ac
634 1364 744 1426 Poenis
764 1365 875 1426 totiens
899 1365 1089 1428 servaverint

187 1446 315 1526 majores
335 1446 439 1506 nostri.
480 1445 541 1506 Sed
556 1446 604 1508 vir
624 1465 661 1506 ec
681 1465 753 1507 vere
773 1445 939 1520 Romanus,
958 1465 1019 1524 quo
1039 1445 1089 1504 die

136 1526 367 1591 retinueram
388 1546 456 1586 eum
477 1546 517 1586 ex
538 1525 720 1587 auctoritate
739 1533 862 1604 patrum
879 1526 1025 1606 jussuque
1038 1545 1090 1604 po·

188 1605 254 1684 puli
268 1605 387 1667 dictum
400 1604 494 1667 Veios
507 1605 638 1667 allatum
652 1615 705 1679 est,
721 1626 791 1666 cum
805 1614 882 1668 esset
897 1606 971 1666 satis
989 1605 1089 1665 altum

187 1685 376 1760 daniculum‚
388 1685 441 1746 ubi
454 1686 560 1746 sedens
574 1695 781 1766 prospectaret
794 1687 920 1760 hostem,
934 1684 1090 1746 descendit

187 1765 220 1824 in
234 1785 350 1840 aecum,
360 1776 452 1845 atque
465 1766 521 1826 illo
535 1767 599 1846 ipso
613 1767 663 1827 die
676 1767 778 1827 media
791 1767 824 1827 in
838 1767 994 1846 urbeque
1007 1785 1090 1826 nunc

188 1845 278 1907 busta
292 1845 415 1907 Gallica
428 1855 508 1920 suut,
517 1855 548 1908 et
561 1857 680 1926 postero
694 1847 744 1908 die
758 1847 835 1909 citra
849 1846 966 1909 Gabios
978 1846 1090 1906 cecidit

136 1930 175 1992 20
189 1925 351 1987 Gallorum
371 1927 512 2005 legiones.
554 1927 661 2004 Quid?
681 1936 749 2007 post
769 1929 881 1989 multos
901 1947 997 1988 annos
1016 1947 1088 1988 cum

188 2006 228 2066 ad
243 2006 394 2068 Furculas
407 2006 562 2068 Caudinas
582 2007 622 2068 ab
642 2008 780 2070 Samnite
800 2009 886 2070 hoste
905 2009 963 2069 sub
978 2009 1090 2088 jugum

188 2087 272 2147 missi
285 2107 397 2161 sumus,
412 2095 515 2148 utrum
529 2087 654 2148 tandem
668 2089 704 2149 L
719 2089 863 2169 Papirius
884 2088 996 2150 Cursor
1012 2090 1091 2168 juga

188 2166 306 2227 Samnii
330 2167 551 2247 perlustrando,
573 2188 613 2228 an
638 2169 801 2230 Luceriam
827 2170 992 2250 premendo
1012 2168 1090 2229 obsi·

189 2246 347 2326 dendoque
366 2255 397 2308 et
416 2247 590 2310 lacessendo
611 2249 756 2311 victorem
781 2251 907 2324 hostem,
927 2249 1090 2330 depulsum

136 2331 176 2393 25
189 2327 229 2387 ab
254 2326 400 2387 Romanis
419 2329 592 2390 cervicibus
611 2330 721 2410 jugum
742 2332 872 2425 superbo
892 2331 1025 2393 Samniti
1046 2330 1091 2389 in·

190 2407 311 2487 posuit?
351 2408 442 2469 Modo
456 2408 490 2470 C.
505 2409 633 2472 Lutatio
653 2431 731 2491 quae
752 2412 814 2472 alra
834 2431 882 2473 res
901 2432 994 2491 quam
1016 2410 1091 2472 cele·

190 2488 265 2548 ritas
276 2488 434 2550 victoriam
448 2489 554 2551 dedit?
574 2491 656 2572 quod
670 2501 788 2570 postero
802 2492 853 2553 die
866 2513 959 2573 quam
973 2493 1091 2552 hostem

189 2567 278 2640 vidit,
293 2568 418 2629 classem
439 2590 565 2648 gravem
587 2572 814 2646 commeatibus,
835 2573 1004 2652 inpeditam
1024 2591 1092 2632 suo-

189 2655 253 2708 met
280 2648 377 2727 ipsam
403 2649 604 2712 instrumcnto
632 2660 724 2731 atque
751 2651 791 2712 ad
832 2663 912 2726 ratu,
932 2651 1091 2732 oppressit.

137 2733 177 2796 30
189 2727 330 2788 Stultitia
343 2739 387 2789 est
400 2729 530 2792 sedendo
543 2740 600 2793 aut
609 2733 689 2794 votis
703 2732 789 2793 debel
803 2733 849 2792 ari
860 2733 982 2793 credere
995 2751 1091 2812 posse.

189 2807 290 2868 Arma
311 2809 413 2888 capias
433 2819 552 2890 oportet
571 2821 603 2874 et
622 2813 786 2873 descendas
807 2813 840 2872 in
863 2832 969 2874 aecum
991 2821 1022 2874 et
1041 2812 1093 2874 vir

190 2907 260 2949 cum
276 2889 344 2951 viro
365 2891 578 2969 congrediaris.
619 2892 773 2953 Audendo
794 2901 887 2972 atque
906 2892 1024 2972 agendo
1044 2911 1093 2952 res

190 2968 332 3029 Romana
345 2971 450 3045 crevit,
458 2991 519 3031 non
534 2971 582 3033 his
595 2973 738 3054 segnibus
749 2973 891 3046 consiliis,
900 2993 979 3053 quae
988 2971 1093 3033 timidi

189 3059 280 3110 cauta
293 3051 432 3111 vocant.''

140 3132 176 3195 35
231 3130 318 3191 Haec
334 3130 418 3192 velut
432 3132 621 3192 contionanti
635 3131 773 3193 Minucio
788 3131 1092 3194 circumfundebatur

190 3209 382 3271 tribunorum
408 3211 602 3290 equitumque
627 3212 835 3273 Romanorum
860 3212 1035 3285 multitude,
1061 3221 1094 3273 et

189 3291 229 3350 ad
245 3310 332 3349 aures
346 3309 466 3368 quoque
478 3291 613 3350 militum
627 3292 711 3353 dicte
725 3292 838 3354 ferocia
851 3291 1092 3365 evolvebantur;

190 3390 236 3440 ac,
244 3370 270 3429 si
284 3368 425 3429 militaris
439 3370 577 3447 suffragii
591 3391 636 3431 res
651 3379 735 3442 esset,
745 3371 830 3433 haud
841 3373 934 3434 dubie
943 3373 1093 3447 ferebant,

189 3447 363 3508 Minucium
378 3447 475 3507 Fabio
488 3448 597 3509 ducem
610 3451 810 3530 praelaturos.
