2616 3790
441 203 573 250 urana
598 185 847 268 xx1,16-18.
976 219 979 226 .
1101 181 1144 248 97

192 378 286 421 naves
306 358 455 419 ducentae
467 357 580 436 viginti
600 357 839 437 quinqueremes,
853 355 967 418 celoces
980 355 1092 436 viginti

192 438 325 499 deducti.
366 437 481 498 Iratum
500 437 572 498 inde
592 438 632 496 ad
691 437 810 516 pulum,
823 437 940 498 vellent
949 434 1094 516 juberent

191 519 306 598 populo
331 517 577 596 Carthaginiensi
600 516 621 577 b
664 537 717 576 nm
740 515 853 588 indiei;
873 517 997 595 ejusque
1018 515 1093 577 belli

192 619 283 658 causa
296 597 482 677 supplicatio
496 617 551 676 per
564 596 670 658 urbem
683 595 792 657 habita
804 604 897 674 atque
908 595 1028 657 adorati
1038 596 1093 670 dii,

191 686 228 739 ut
247 677 325 738 bene
345 697 382 738 ac
402 676 533 737 feliciter
559 676 694 738 eveniret
717 676 800 756 quod
823 675 939 736 bellum
961 676 1094 759 populus
1126 673 1147 737 5

192 757 350 818 Romanus
364 757 510 837 jussisset.
697 799 700 806 ι

230 836 319 896 Inter
333 836 469 897 consules
483 836 527 896 ita
541 835 646 914 copiae
660 834 792 898 divisae:
808 833 987 915 Sempronio
1003 833 1094 896 datae

192 915 325 996 legiones
349 916 429 977 duae
450 919 500 996 (ea
520 925 669 995 quaterna
689 915 778 976 milia
797 924 885 976 erant
905 915 1042 994 peditum
1062 922 1094 975 et

191 996 307 1056 treceni
326 995 457 1074 equites)
479 1003 509 1056 et
529 995 679 1056 sociorum
700 995 831 1055 sedecim
844 993 931 1055 milia
945 993 1093 1074 peditum,

192 1076 308 1155 equites
321 1075 408 1135 mille
420 1075 605 1154 octingenti3
627 1093 720 1136 naves
741 1073 850 1153 longae
868 1083 990 1135 centum
1008 1093 1093 1134 rexa-
1107 1071 1147 1134 10

192 1157 289 1234 ginta,
304 1155 417 1215 celoces
431 1155 600 1216 duodecim.
643 1153 721 1214 Cum
736 1153 785 1214 hia
799 1153 990 1214 terrestribus
1003 1153 1094 1213 mari·

192 1235 334 1315 timisque
358 1235 452 1313 copiis
475 1234 521 1296 Ti.
546 1234 743 1312 Sempronius
764 1234 871 1294 missus
892 1233 926 1293 in
947 1232 1094 1307 Siciliam,

193 1315 238 1376 ita
251 1315 284 1374 in
299 1313 439 1374 Africam
452 1315 690 1387 transmissurus,
704 1315 732 1375 si
751 1314 793 1375 ad
813 1314 978 1374 arcendum
999 1312 1095 1373 Italia

194 1394 331 1454 Poenum
359 1393 464 1454 consul
490 1394 569 1454 alter
599 1394 672 1454 satia
700 1403 785 1456 esset.
826 1392 967 1455 Cornelio
993 1393 1095 1453 minus

194 1474 351 1553 copiarum
378 1473 495 1545 datum,
519 1474 592 1552 quia
616 1473 653 1534 Ia
679 1474 817 1546 Manlius
838 1469 1148 1552 praetoretipse15

194 1573 264 1614 cum
278 1552 362 1613 haud
375 1552 512 1613 invalido
526 1553 678 1633 praesidio
692 1555 726 1614 in
740 1554 878 1616 Galliam
895 1551 1094 1627 mittebatur3

193 1633 319 1694 navium
334 1633 467 1692 maxime
481 1632 623 1694 Cornelio
637 1654 781 1696 numerus
799 1634 990 1705 deminutus;
1010 1651 1095 1693 sexa·

194 1713 281 1791 ginta
308 1712 538 1790 quinqueremes
565 1714 656 1774 datae
684 1715 797 1793 (neque
820 1714 902 1774 enim
926 1713 1005 1774 mari
1024 1732 1095 1775 ven·

194 1802 299 1853 turum
312 1799 367 1852 aut
379 1811 415 1852 ea
428 1800 515 1870 parte
529 1792 605 1854 belli
623 1793 841 1855 dimicaturum
859 1793 975 1854 hostem
995 1792 1095 1854 crede-

195 1872 285 1948 bant)
313 1879 344 1932 et
370 1871 449 1932 duae
477 1872 634 1933 Romanae
662 1873 796 1952 legiones
823 1894 892 1935 cum
926 1893 981 1936 suo
1009 1874 1094 1953 justo
1108 1870 1149 1934 20

194 1952 333 2031 equitatu
347 1958 379 2011 et
392 1952 633 2030 quattuordecim
648 1953 771 2014 milibus
784 1955 933 2015 sociorum
985 1953 1095 2027 ditum,

194 2030 348 2111 equitibus
368 2031 454 2090 mille
473 2032 631 2093 sexcentis.
675 2032 761 2093 Duas
785 2033 917 2113 legiones
989 2051 1095 2093 manas

194 2119 226 2171 et
253 2111 357 2171 decem
390 2109 478 2171 milia
509 2112 660 2172 sociorum
716 2113 842 2187 editum,
870 2112 955 2172 mille
980 2112 1096 2191 equites

193 2190 299 2262 socios,
320 2198 475 2251 sexcentos
503 2190 657 2253 Romanos
708 2192 783 2253 allia
805 2191 966 2273 provincia
990 2191 1096 2252 eodem

194 2290 284 2333 versa
304 2269 337 2328 in
357 2269 509 2330 Punicum
531 2270 647 2331 bellum
668 2272 786 2334 habuit.
1109 2267 1151 2331 25

235 2347 365 2410 XVIII.
407 2349 468 2410 His
487 2350 532 2412 ita
553 2353 735 2430 conparatis,
749 2361 785 2413 ut
804 2352 906 2414 omnia
922 2352 1007 2433 juata
1025 2357 1098 2412 ante

194 2428 313 2490 bellum
327 2428 442 2502 fierent,
457 2429 572 2508 legatos
591 2433 720 2512 majores
739 2441 825 2505 natu,
840 2433 878 2510 Q.
894 2431 1037 2505 Fabium,
1051 2429 1096 2491 M.

196 2509 334 2580 Livium,
348 2507 386 2568 L
401 2509 579 2584 Aemilium,
594 2511 628 2572 C.
647 2512 812 2588 Licinium,
830 2513 869 2589 Q.
890 2511 1050 2585 Baebium,
1063 2511 1098 2570 in

195 2587 339 2649 Africam
359 2589 487 2650 mittunt
507 2591 547 2650 ad
568 2592 809 2670 percunctandos
823 2592 1096 2671 Carthaginienses,

196 2667 360 2747 publicone
373 2669 499 2729 consilio
513 2669 674 2732 Hannibal
696 2671 867 2750 Saguntum
885 2679 1096 2751 oppugnasset,
1111 2667 1152 2732 30

197 2755 229 2808 et
248 2748 284 2820 si,
302 2748 334 2807 id
356 2749 437 2828 quod
458 2749 570 2810 facturi
590 2750 784 2826 videbantur,
804 2752 973 2812 faterentur
992 2770 1029 2812 ac
1049 2750 1099 2810 de·

197 2827 356 2888 fenderent
388 2827 514 2907 publico
548 2830 674 2892 consilio
708 2831 833 2905 factum,
860 2840 896 2891 ut
927 2830 1098 2891 indicerent

196 2907 312 3047 pctopulo
340 2907 585 2988 Carthaginiensi
612 2909 737 2972 bellum.
778 2911 910 2971 Romani
936 2918 1098 2989 postquam

224 2987 420 3066 arthaginem
439 2999 598 3063 venerunt,
620 3010 690 3050 curn
713 3000 835 3051 senatus
855 2990 945 3050 datus
965 2998 1050 3061 esset,
1067 2997 1098 3049 et

199 3065 238 3143 Q.
254 3065 370 3128 Fabius
391 3068 470 3128 nihil
491 3069 574 3130 ultra
594 3089 687 3148 quam
706 3089 803 3129 unum
820 3069 900 3148 quod
919 3069 1098 3129 mandatum
1112 3065 1152 3126 35

198 3155 265 3206 erat
292 3157 508 3225 percunctatus
535 3158 618 3223 esset,
639 3157 706 3210 tum
734 3169 771 3209 ex
794 3146 1099 3228 Carthaginiensibus

197 3245 294 3286 uuus:
324 3231 494 3306 “praeceps
517 3236 628 3301 vestra,
651 3228 793 3302 Romani,
818 3237 849 3289 ct
876 3229 959 3306 prior
985 3226 1099 3303 legatio

197 3304 268 3378 fuit,
296 3326 366 3366 cum
395 3306 605 3367 Hannibalem
631 3316 789 3385 tamquam
816 3326 870 3366 suo
898 3304 1023 3364 consilio
1047 3301 1100 3360 Sa-

196 3393 330 3462 guntum
357 3393 585 3524 oppiuvgnantem
611 3383 836 3462 deposcebatis3
864 3390 998 3442 ceterum
1024 3379 1100 3435 haee
