<?xml version="1.0" encoding="UTF-8"?>
<!DOCTYPE html PUBLIC "-//W3C//DTD XHTML 1.0 Transitional//EN"
    "http://www.w3.org/TR/xhtml1/DTD/xhtml1-transitional.dtd">
<html xmlns="http://www.w3.org/1999/xhtml" xml:lang="en" lang="en">
 <head>
  <title>
</title>
<meta http-equiv="Content-Type" content="text/html;charset=utf-8" />
  <meta name='ocr-system' content='tesseract 3.04.00' />
  <meta name='ocr-capabilities' content='ocr_page ocr_carea ocr_par ocr_line ocrx_word'/>
</head>
<body>
  <div class='ocr_page' id='page_1' title='image "./historieslivybo00chasgoog_0205.png"; bbox 0 0 2628 3796; ppageno 0'>
   <div class='ocr_carea' id='block_1_1' title="bbox 120 226 953 294">
    <p class='ocr_par' dir='ltr' id='par_1_1' title="bbox 120 226 953 294">
     <span class='ocr_line' id='line_1_1' title="bbox 120 226 953 294; baseline -0.001 -4"><span class='ocrx_word' id='word_1_1' title='bbox 120 226 183 291; x_wconf 85' lang='grc'><strong>198</strong></span> <span class='ocrx_word' id='word_1_2' title='bbox 293 242 384 290; x_wconf 84' lang='lat' dir='ltr'><strong>rrrr</strong></span> <span class='ocrx_word' id='word_1_3' title='bbox 410 241 507 292; x_wconf 83' lang='lat' dir='ltr'><strong>n1v1</strong></span> <span class='ocrx_word' id='word_1_4' title='bbox 533 241 588 290; x_wconf 73' lang='lat' dir='ltr'><strong>aa</strong></span> <span class='ocrx_word' id='word_1_5' title='bbox 614 241 729 292; x_wconf 79' lang='lat' dir='ltr'><strong>vase</strong></span> <span class='ocrx_word' id='word_1_6' title='bbox 758 239 953 294; x_wconf 65' lang='lat' dir='ltr'><strong>conarri</strong></span> 
     </span>
    </p>
   </div>
   <div class='ocr_carea' id='block_1_2' title="bbox 96 397 1084 3434">
    <p class='ocr_par' dir='ltr' id='par_1_2' title="bbox 96 397 1081 1439">
     <span class='ocr_line' id='line_1_2' title="bbox 172 397 1080 480; baseline 0 -21"><span class='ocrx_word' id='word_1_7' title='bbox 172 399 385 478; x_wconf 80' lang='lat' dir='ltr'>noscendaque</span> <span class='ocrx_word' id='word_1_8' title='bbox 409 419 464 479; x_wconf 91' lang='lat' dir='ltr'><strong>per</strong></span> <span class='ocrx_word' id='word_1_9' title='bbox 488 399 625 479; x_wconf 86' lang='lat' dir='ltr'><strong>inpigros</strong></span> <span class='ocrx_word' id='word_1_10' title='bbox 648 399 777 479; x_wconf 88' lang='lat' dir='ltr'><strong>juvenes</strong></span> <span class='ocrx_word' id='word_1_11' title='bbox 805 419 884 472; x_wconf 91' lang='lat' dir='ltr'><strong>esse;</strong></span> <span class='ocrx_word' id='word_1_12' title='bbox 914 397 993 459; x_wconf 93' lang='lat' dir='ltr'><strong>illud</strong></span> <span class='ocrx_word' id='word_1_13' title='bbox 1023 418 1080 480; x_wconf 90' lang='lat' dir='ltr'><strong>per</strong></span> 
     </span>
     <span class='ocr_line' id='line_1_3' title="bbox 173 479 1080 559; baseline 0.001 -19"><span class='ocrx_word' id='word_1_14' title='bbox 173 489 275 559; x_wconf 88' lang='lat' dir='ltr'><strong>patres</strong></span> <span class='ocrx_word' id='word_1_15' title='bbox 289 479 368 558; x_wconf 91' lang='lat' dir='ltr'><strong>ipsos</strong></span> <span class='ocrx_word' id='word_1_16' title='bbox 381 479 543 558; x_wconf 90' lang='lat' dir='ltr'><strong>agendum,</strong></span> <span class='ocrx_word' id='word_1_17' title='bbox 558 479 702 559; x_wconf 90' lang='lat' dir='ltr'><strong>quoniam</strong></span> <span class='ocrx_word' id='word_1_18' title='bbox 718 479 953 559; x_wconf 80' lang='lat' dir='ltr'><strong>magistratuum</strong></span> <span class='ocrx_word' id='word_1_19' title='bbox 968 500 1080 559; x_wconf 90' lang='lat' dir='ltr'><strong>parum</strong></span> 
     </span>
     <span class='ocr_line' id='line_1_4' title="bbox 173 559 1079 638; baseline -0.002 -16"><span class='ocrx_word' id='word_1_20' title='bbox 173 561 222 632; x_wconf 88' lang='lat' dir='ltr'><strong>sit,</strong></span> <span class='ocrx_word' id='word_1_21' title='bbox 243 568 278 620; x_wconf 90' lang='lat' dir='ltr'><strong>ut</strong></span> <span class='ocrx_word' id='word_1_22' title='bbox 299 559 467 620; x_wconf 88' lang='lat' dir='ltr'><strong>tumultum</strong></span> <span class='ocrx_word' id='word_1_23' title='bbox 487 579 524 620; x_wconf 88' lang='lat' dir='ltr'><strong>ac</strong></span> <span class='ocrx_word' id='word_1_24' title='bbox 545 559 779 638; x_wconf 83' lang='lat' dir='ltr'><strong>trepidationem</strong></span> <span class='ocrx_word' id='word_1_25' title='bbox 799 559 832 619; x_wconf 93' lang='lat' dir='ltr'><strong>in</strong></span> <span class='ocrx_word' id='word_1_26' title='bbox 853 559 930 620; x_wconf 89' lang='lat' dir='ltr'><strong>urbe</strong></span> <span class='ocrx_word' id='word_1_27' title='bbox 955 559 1079 635; x_wconf 89' lang='lat' dir='ltr'><strong>tollant,</strong></span> 
     </span>
     <span class='ocr_line' id='line_1_5' title="bbox 174 638 1081 718; baseline 0 -18"><span class='ocrx_word' id='word_1_28' title='bbox 174 649 329 700; x_wconf 85' lang='lat' dir='ltr'><strong>matronas</strong></span> <span class='ocrx_word' id='word_1_29' title='bbox 353 638 478 718; x_wconf 90' lang='lat' dir='ltr'><strong>publico</strong></span> <span class='ocrx_word' id='word_1_30' title='bbox 499 647 625 700; x_wconf 82' lang='lat' dir='ltr'><strong>arceant</strong></span> <span class='ocrx_word' id='word_1_31' title='bbox 649 639 860 718; x_wconf 84' lang='lat' dir='ltr'><strong>continerique</strong></span> <span class='ocrx_word' id='word_1_32' title='bbox 884 639 968 699; x_wconf 89' lang='lat' dir='ltr'><strong>intra</strong></span> <span class='ocrx_word' id='word_1_33' title='bbox 989 660 1081 701; x_wconf 88' lang='lat' dir='ltr'><strong>suum</strong></span> 
     </span>
     <span class='ocr_line' id='line_1_6' title="bbox 141 716 1081 800; baseline -0.001 -18"><span class='ocrx_word' id='word_1_34' title='bbox 141 721 327 800; x_wconf 74' lang='lat' dir='ltr'><strong>dquamque</strong></span> <span class='ocrx_word' id='word_1_35' title='bbox 366 717 460 779; x_wconf 90' lang='lat' dir='ltr'><strong>limen</strong></span> <span class='ocrx_word' id='word_1_36' title='bbox 498 728 619 799; x_wconf 88' lang='lat' dir='ltr'><strong>cogant,</strong></span> <span class='ocrx_word' id='word_1_37' title='bbox 655 716 851 800; x_wconf 85' lang='lat' dir='ltr'><strong>conploratus</strong></span> <span class='ocrx_word' id='word_1_38' title='bbox 890 719 1081 781; x_wconf 84' lang='lat' dir='ltr'><strong>familiarum</strong></span> 
     </span>
     <span class='ocr_line' id='line_1_7' title="bbox 175 797 1081 878; baseline 0.001 -18"><span class='ocrx_word' id='word_1_39' title='bbox 175 807 343 872; x_wconf 86' lang='lat' dir='ltr'><strong>coerceant,</strong></span> <span class='ocrx_word' id='word_1_40' title='bbox 377 797 533 860; x_wconf 87' lang='lat' dir='ltr'><strong>silentium</strong></span> <span class='ocrx_word' id='word_1_41' title='bbox 568 819 623 878; x_wconf 90' lang='lat' dir='ltr'><strong>per</strong></span> <span class='ocrx_word' id='word_1_42' title='bbox 658 798 765 858; x_wconf 89' lang='lat' dir='ltr'><strong>urbem</strong></span> <span class='ocrx_word' id='word_1_43' title='bbox 800 799 925 874; x_wconf 86' lang='lat' dir='ltr'><strong>faciant,</strong></span> <span class='ocrx_word' id='word_1_44' title='bbox 956 800 1081 861; x_wconf 86' lang='lat' dir='ltr'><strong>nuntios</strong></span> 
     </span>
     <span class='ocr_line' id='line_1_8' title="bbox 175 878 1081 959; baseline 0.002 -20"><span class='ocrx_word' id='word_1_45' title='bbox 175 899 276 939; x_wconf 90' lang='lat' dir='ltr'><strong>rerum</strong></span> <span class='ocrx_word' id='word_1_46' title='bbox 291 878 427 939; x_wconf 90' lang='lat' dir='ltr'><strong>omnium</strong></span> <span class='ocrx_word' id='word_1_47' title='bbox 442 879 481 939; x_wconf 85' lang='lat' dir='ltr'><strong>ad</strong></span> <span class='ocrx_word' id='word_1_48' title='bbox 496 888 648 959; x_wconf 89' lang='lat' dir='ltr'><strong>praetores</strong></span> <span class='ocrx_word' id='word_1_49' title='bbox 663 878 858 940; x_wconf 90' lang='lat' dir='ltr'><strong>deducendos</strong></span> <span class='ocrx_word' id='word_1_50' title='bbox 876 888 991 950; x_wconf 87' lang='lat' dir='ltr'><strong>curent,</strong></span> <span class='ocrx_word' id='word_1_51' title='bbox 1005 895 1081 941; x_wconf 85' lang='lat' dir='ltr'><strong>suae¹</strong></span> 
     </span>
     <span class='ocr_line' id='line_1_9' title="bbox 176 958 1080 1039; baseline 0.002 -21"><span class='ocrx_word' id='word_1_52' title='bbox 176 959 303 1039; x_wconf 87' lang='lat' dir='ltr'><strong>quisque</strong></span> <span class='ocrx_word' id='word_1_53' title='bbox 316 959 456 1019; x_wconf 82' lang='lat' dir='ltr'><strong>fortunae</strong></span> <span class='ocrx_word' id='word_1_54' title='bbox 470 958 552 1020; x_wconf 90' lang='lat' dir='ltr'><strong>domi</strong></span> <span class='ocrx_word' id='word_1_55' title='bbox 573 969 729 1020; x_wconf 88' lang='lat' dir='ltr'><strong>auctorem</strong></span> <span class='ocrx_word' id='word_1_56' title='bbox 744 968 914 1039; x_wconf 82' lang='lat' dir='ltr'><strong>expectent,</strong></span> <span class='ocrx_word' id='word_1_57' title='bbox 930 959 1080 1020; x_wconf 88' lang='lat' dir='ltr'><strong>custodes·</strong></span> 
     </span>
     <span class='ocr_line' id='line_1_10' title="bbox 96 1038 1081 1120; baseline 0.001 -21"><span class='ocrx_word' id='word_1_58' title='bbox 96 1066 98 1072; x_wconf 95' lang='lat'>·</span> <span class='ocrx_word' id='word_1_59' title='bbox 176 1060 236 1118; x_wconf 89' lang='lat' dir='ltr'><strong>que</strong></span> <span class='ocrx_word' id='word_1_60' title='bbox 263 1047 419 1120; x_wconf 87' lang='lat' dir='ltr'><strong>praeterea</strong></span> <span class='ocrx_word' id='word_1_61' title='bbox 446 1038 486 1099; x_wconf 91' lang='lat' dir='ltr'><strong>ad</strong></span> <span class='ocrx_word' id='word_1_62' title='bbox 514 1048 617 1119; x_wconf 84' lang='lat' dir='ltr'><strong>portas</strong></span> <span class='ocrx_word' id='word_1_63' title='bbox 653 1047 780 1118; x_wconf 87' lang='lat' dir='ltr'><strong>ponant,</strong></span> <span class='ocrx_word' id='word_1_64' title='bbox 809 1039 862 1119; x_wconf 92' lang='lat' dir='ltr'><strong>qui</strong></span> <span class='ocrx_word' id='word_1_65' title='bbox 897 1038 1081 1118; x_wconf 90' lang='lat' dir='ltr'><strong>prohibeant</strong></span> 
     </span>
     <span class='ocr_line' id='line_1_11' title="bbox 124 1119 1081 1199; baseline -0.006 -14"><span class='ocrx_word' id='word_1_66' title='bbox 124 1123 163 1185; x_wconf 92' lang='grc'><strong>10</strong></span> <span class='ocrx_word' id='word_1_67' title='bbox 176 1138 361 1199; x_wconf 88' lang='lat' dir='ltr'><strong>quemquam</strong></span> <span class='ocrx_word' id='word_1_68' title='bbox 375 1119 479 1198; x_wconf 83' lang='lat' dir='ltr'><strong>egredi</strong></span> <span class='ocrx_word' id='word_1_69' title='bbox 493 1119 610 1193; x_wconf 91' lang='lat' dir='ltr'><strong>urbem,</strong></span> <span class='ocrx_word' id='word_1_70' title='bbox 625 1128 796 1198; x_wconf 84' lang='lat' dir='ltr'><strong>cogantque</strong></span> <span class='ocrx_word' id='word_1_71' title='bbox 811 1119 946 1180; x_wconf 90' lang='lat' dir='ltr'><strong>homines</strong></span> <span class='ocrx_word' id='word_1_72' title='bbox 960 1119 1081 1179; x_wconf 92' lang='lat' dir='ltr'><strong>nullam</strong></span> 
     </span>
     <span class='ocr_line' id='line_1_12' title="bbox 177 1198 1081 1278; baseline -0.001 -18"><span class='ocrx_word' id='word_1_73' title='bbox 177 1200 236 1260; x_wconf 91' lang='lat' dir='ltr'><strong>nisi</strong></span> <span class='ocrx_word' id='word_1_74' title='bbox 257 1198 332 1260; x_wconf 89' lang='lat' dir='ltr'><strong>urbe</strong></span> <span class='ocrx_word' id='word_1_75' title='bbox 352 1218 389 1259; x_wconf 93' lang='lat' dir='ltr'><strong>ac</strong></span> <span class='ocrx_word' id='word_1_76' title='bbox 410 1198 566 1261; x_wconf 87' lang='lat' dir='ltr'><strong>moenibus</strong></span> <span class='ocrx_word' id='word_1_77' title='bbox 587 1199 680 1262; x_wconf 87' lang='lat' dir='ltr'><strong>salvis</strong></span> <span class='ocrx_word' id='word_1_78' title='bbox 698 1199 829 1260; x_wconf 86' lang='lat' dir='ltr'><strong>salutem</strong></span> <span class='ocrx_word' id='word_1_79' title='bbox 845 1219 973 1278; x_wconf 88' lang='lat' dir='ltr'><strong>sperare.</strong></span> <span class='ocrx_word' id='word_1_80' title='bbox 1016 1198 1081 1261; x_wconf 94' lang='lat' dir='ltr'><strong>Ubi</strong></span> 
     </span>
     <span class='ocr_line' id='line_1_13' title="bbox 177 1279 1079 1359; baseline -0.003 -17"><span class='ocrx_word' id='word_1_81' title='bbox 177 1279 358 1342; x_wconf 87' lang='lat' dir='ltr'><strong>conticuerit</strong></span> <span class='ocrx_word' id='word_1_82' title='bbox 372 1279 530 1353; x_wconf 87' lang='lat' dir='ltr'><strong>tumultus,</strong></span> <span class='ocrx_word' id='word_1_83' title='bbox 545 1289 611 1342; x_wconf 90' lang='lat' dir='ltr'><strong>tum</strong></span> <span class='ocrx_word' id='word_1_84' title='bbox 627 1280 659 1339; x_wconf 92' lang='lat' dir='ltr'><strong>in</strong></span> <span class='ocrx_word' id='word_1_85' title='bbox 675 1279 792 1340; x_wconf 88' lang='lat' dir='ltr'><strong>curiam</strong></span> <span class='ocrx_word' id='word_1_86' title='bbox 811 1287 913 1359; x_wconf 90' lang='lat' dir='ltr'><strong>patres</strong></span> <span class='ocrx_word' id='word_1_87' title='bbox 933 1299 1079 1342; x_wconf 86' lang='lat' dir='ltr'><strong>revocan-</strong></span> 
     </span>
     <span class='ocr_line' id='line_1_14' title="bbox 177 1359 925 1439; baseline -0.004 -18"><span class='ocrx_word' id='word_1_88' title='bbox 177 1361 231 1421; x_wconf 92' lang='lat' dir='ltr'><strong>dos</strong></span> <span class='ocrx_word' id='word_1_89' title='bbox 246 1359 526 1439; x_wconf 86' lang='lat' dir='ltr'><strong>consulendumque</strong></span> <span class='ocrx_word' id='word_1_90' title='bbox 540 1359 579 1420; x_wconf 90' lang='lat' dir='ltr'><strong>de</strong></span> <span class='ocrx_word' id='word_1_91' title='bbox 593 1359 677 1420; x_wconf 90' lang='lat' dir='ltr'><strong>urbis</strong></span> <span class='ocrx_word' id='word_1_92' title='bbox 692 1359 831 1420; x_wconf 89' lang='lat' dir='ltr'><strong>custodia</strong></span> <span class='ocrx_word' id='word_1_93' title='bbox 845 1359 925 1420; x_wconf 68' lang='lat' dir='ltr'><strong>esse!</strong></span> 
     </span>
    </p>

    <p class='ocr_par' dir='ltr' id='par_1_3' title="bbox 218 1438 1082 1530">
     <span class='ocr_line' id='line_1_15' title="bbox 218 1438 1082 1530; baseline -0.001 -30"><span class='ocrx_word' id='word_1_94' title='bbox 218 1439 306 1504; x_wconf 89' lang='lat' dir='ltr'><strong>LVI.</strong></span> <span class='ocrx_word' id='word_1_95' title='bbox 348 1439 426 1502; x_wconf 85' lang='lat' dir='ltr'><strong>Cum</strong></span> <span class='ocrx_word' id='word_1_96' title='bbox 450 1439 483 1499; x_wconf 91' lang='lat' dir='ltr'><strong>in</strong></span> <span class='ocrx_word' id='word_1_97' title='bbox 506 1440 587 1500; x_wconf 89' lang='lat' dir='ltr'><strong>banc</strong></span> <span class='ocrx_word' id='word_1_98' title='bbox 611 1439 793 1500; x_wconf 86' lang='lat' dir='ltr'><strong>sententiam</strong></span> <span class='ocrx_word' id='word_1_99' title='bbox 818 1438 950 1530; x_wconf 88' lang='lat' dir='ltr'><strong>pedibus</strong></span> <span class='ocrx_word' id='word_1_100' title='bbox 977 1457 1082 1499; x_wconf 87' lang='lat' dir='ltr'><strong>omnes</strong></span> 
     </span>
    </p>

    <p class='ocr_par' dir='ltr' id='par_1_4' title="bbox 121 1517 1083 1914">
     <span class='ocr_line' id='line_1_16' title="bbox 121 1517 1082 1596; baseline -0.001 -17"><span class='ocrx_word' id='word_1_101' title='bbox 121 1518 160 1580; x_wconf 81' lang='lat'><strong>15</strong></span> <span class='ocrx_word' id='word_1_102' title='bbox 176 1517 275 1590; x_wconf 88' lang='lat' dir='ltr'><strong>issent,</strong></span> <span class='ocrx_word' id='word_1_103' title='bbox 309 1538 426 1579; x_wconf 91' lang='lat' dir='ltr'><strong>summo</strong></span> <span class='ocrx_word' id='word_1_104' title='bbox 481 1538 519 1578; x_wconf 90' lang='lat' dir='ltr'><strong>ue</strong></span> <span class='ocrx_word' id='word_1_105' title='bbox 557 1518 623 1579; x_wconf 90' lang='lat' dir='ltr'><strong>foro</strong></span> <span class='ocrx_word' id='word_1_106' title='bbox 658 1537 716 1596; x_wconf 79' lang='lat' dir='ltr'><strong>per</strong></span> <span class='ocrx_word' id='word_1_107' title='bbox 745 1525 939 1596; x_wconf 77' lang='lat' dir='ltr'><strong>magistratus</strong></span> <span class='ocrx_word' id='word_1_108' title='bbox 978 1517 1082 1592; x_wconf 89' lang='lat' dir='ltr'><strong>turba,</strong></span> 
     </span>
     <span class='ocr_line' id='line_1_17' title="bbox 169 1527 1082 1677; baseline 0 -20"><span class='ocrx_word' id='word_1_109' title='bbox 169 1605 276 1677; x_wconf 70' lang='lat' dir='ltr'><strong>¹patres</strong></span> <span class='ocrx_word' id='word_1_110' title='bbox 304 1527 482 1659; x_wconf 56' lang='lat' dir='ltr'><strong>diversi&#39;id</strong></span> <span class='ocrx_word' id='word_1_111' title='bbox 509 1596 655 1658; x_wconf 87' lang='lat' dir='ltr'><strong>sedandos</strong></span> <span class='ocrx_word' id='word_1_112' title='bbox 688 1595 838 1656; x_wconf 90' lang='lat' dir='ltr'><strong>tumultus</strong></span> <span class='ocrx_word' id='word_1_113' title='bbox 872 1595 1082 1670; x_wconf 85' lang='lat' dir='ltr'><strong>discessissent,</strong></span> 
     </span>
     <span class='ocr_line' id='line_1_18' title="bbox 177 1672 1082 1738; baseline 0.004 -4"><span class='ocrx_word' id='word_1_114' title='bbox 177 1683 244 1734; x_wconf 87' lang='lat' dir='ltr'><strong>tum</strong></span> <span class='ocrx_word' id='word_1_115' title='bbox 266 1672 389 1733; x_wconf 91' lang='lat' dir='ltr'><strong>demum</strong></span> <span class='ocrx_word' id='word_1_116' title='bbox 409 1672 530 1736; x_wconf 84' lang='lat' dir='ltr'><strong>litterae</strong></span> <span class='ocrx_word' id='word_1_117' title='bbox 550 1694 571 1735; x_wconf 92' lang='lat' dir='ltr'><strong>a</strong></span> <span class='ocrx_word' id='word_1_118' title='bbox 591 1675 625 1736; x_wconf 85' lang='lat'><strong>0.</strong></span> <span class='ocrx_word' id='word_1_119' title='bbox 646 1673 789 1735; x_wconf 83' lang='lat' dir='ltr'><strong>Terentio</strong></span> <span class='ocrx_word' id='word_1_120' title='bbox 817 1673 941 1735; x_wconf 84' lang='lat' dir='ltr'><strong>consule</strong></span> <span class='ocrx_word' id='word_1_121' title='bbox 967 1675 1082 1738; x_wconf 88' lang='lat' dir='ltr'><strong>allatae</strong></span> 
     </span>
     <span class='ocr_line' id='line_1_19' title="bbox 178 1753 1081 1832; baseline 0.003 -18"><span class='ocrx_word' id='word_1_122' title='bbox 178 1761 266 1814; x_wconf 89' lang='lat' dir='ltr'><strong>sunt:</strong></span> <span class='ocrx_word' id='word_1_123' title='bbox 282 1753 335 1814; x_wconf 91' lang='lat' dir='ltr'><strong>‘L.</strong></span> <span class='ocrx_word' id='word_1_124' title='bbox 350 1754 518 1814; x_wconf 90' lang='lat' dir='ltr'><strong>Aemilium</strong></span> <span class='ocrx_word' id='word_1_125' title='bbox 534 1754 688 1815; x_wconf 89' lang='lat' dir='ltr'><strong>consulem</strong></span> <span class='ocrx_word' id='word_1_126' title='bbox 703 1753 932 1832; x_wconf 87' lang='lat' dir='ltr'><strong>exercitumque</strong></span> <span class='ocrx_word' id='word_1_127' title='bbox 945 1775 1081 1829; x_wconf 71' lang='lat' dir='ltr'><strong>caesum</strong></span> 
     </span>
     <span class='ocr_line' id='line_1_20' title="bbox 177 1832 1083 1914; baseline 0.001 -19"><span class='ocrx_word' id='word_1_128' title='bbox 177 1853 241 1895; x_wconf 87' lang='lat' dir='ltr'><strong>sese</strong></span> <span class='ocrx_word' id='word_1_129' title='bbox 265 1832 389 1896; x_wconf 85' lang='lat' dir='ltr'><strong>Canusii</strong></span> <span class='ocrx_word' id='word_1_130' title='bbox 414 1855 484 1908; x_wconf 89' lang='lat' dir='ltr'><strong>esse,</strong></span> <span class='ocrx_word' id='word_1_131' title='bbox 510 1835 654 1914; x_wconf 88' lang='lat' dir='ltr'><strong>reliquias</strong></span> <span class='ocrx_word' id='word_1_132' title='bbox 679 1841 784 1895; x_wconf 88' lang='lat' dir='ltr'><strong>tantae</strong></span> <span class='ocrx_word' id='word_1_133' title='bbox 807 1833 904 1895; x_wconf 89' lang='lat' dir='ltr'><strong>cladis</strong></span> <span class='ocrx_word' id='word_1_134' title='bbox 928 1834 1015 1897; x_wconf 88' lang='lat' dir='ltr'><strong>velut</strong></span> <span class='ocrx_word' id='word_1_135' title='bbox 1042 1855 1083 1896; x_wconf 88' lang='lat' dir='ltr'><strong>ex</strong></span> 
     </span>
    </p>

    <p class='ocr_par' dir='ltr' id='par_1_5' title="bbox 125 1913 1084 2316">
     <span class='ocr_line' id='line_1_21' title="bbox 125 1913 1083 1994; baseline 0 -18"><span class='ocrx_word' id='word_1_136' title='bbox 125 1914 165 1976; x_wconf 87' lang='grc'><strong>20</strong></span> <span class='ocrx_word' id='word_1_137' title='bbox 179 1914 340 1994; x_wconf 85' lang='lat' dir='ltr'><strong>naufragio</strong></span> <span class='ocrx_word' id='word_1_138' title='bbox 374 1915 586 1994; x_wconf 67' lang='lat' dir='ltr'><strong>colligentem</strong></span> <span class='ocrx_word' id='word_1_139' title='bbox 621 1914 661 1975; x_wconf 93' lang='lat' dir='ltr'><strong>ad</strong></span> <span class='ocrx_word' id='word_1_140' title='bbox 690 1915 793 1975; x_wconf 88' lang='lat' dir='ltr'><strong>decem</strong></span> <span class='ocrx_word' id='word_1_141' title='bbox 828 1913 914 1975; x_wconf 89' lang='lat' dir='ltr'><strong>milia</strong></span> <span class='ocrx_word' id='word_1_142' title='bbox 948 1915 1083 1976; x_wconf 88' lang='lat' dir='ltr'><strong>militum</strong></span> 
     </span>
     <span class='ocr_line' id='line_1_22' title="bbox 178 1994 1083 2076; baseline 0 -20"><span class='ocrx_word' id='word_1_143' title='bbox 178 1996 273 2056; x_wconf 85' lang='lat' dir='ltr'><strong>ferme</strong></span> <span class='ocrx_word' id='word_1_144' title='bbox 297 2015 359 2057; x_wconf 89' lang='lat' dir='ltr'><strong>esse</strong></span> <span class='ocrx_word' id='word_1_145' title='bbox 383 1996 641 2076; x_wconf 87' lang='lat' dir='ltr'><strong>inconpositorum</strong></span> <span class='ocrx_word' id='word_1_146' title='bbox 666 1994 986 2074; x_wconf 82' lang='lat' dir='ltr'><strong>inordinatorumque3</strong></span> <span class='ocrx_word' id='word_1_147' title='bbox 1008 1995 1083 2056; x_wconf 91' lang='lat' dir='ltr'><strong>Poe-</strong></span> 
     </span>
     <span class='ocr_line' id='line_1_23' title="bbox 178 2074 1084 2156; baseline 0.001 -21"><span class='ocrx_word' id='word_1_148' title='bbox 178 2095 252 2136; x_wconf 92' lang='lat' dir='ltr'><strong>num</strong></span> <span class='ocrx_word' id='word_1_149' title='bbox 267 2074 371 2137; x_wconf 90' lang='lat' dir='ltr'><strong>sedere</strong></span> <span class='ocrx_word' id='word_1_150' title='bbox 384 2075 424 2136; x_wconf 92' lang='lat' dir='ltr'><strong>ad</strong></span> <span class='ocrx_word' id='word_1_151' title='bbox 438 2075 570 2150; x_wconf 81' lang='lat' dir='ltr'><strong>Cannas,</strong></span> <span class='ocrx_word' id='word_1_152' title='bbox 585 2076 616 2135; x_wconf 93' lang='lat' dir='ltr'><strong>in</strong></span> <span class='ocrx_word' id='word_1_153' title='bbox 633 2075 824 2156; x_wconf 86' lang='lat' dir='ltr'><strong>captivorum</strong></span> <span class='ocrx_word' id='word_1_154' title='bbox 838 2075 944 2154; x_wconf 91' lang='lat' dir='ltr'><strong>pretiis</strong></span> <span class='ocrx_word' id='word_1_155' title='bbox 957 2075 1084 2154; x_wconf 85' lang='lat' dir='ltr'><strong>praeda·</strong></span> 
     </span>
     <span class='ocr_line' id='line_1_24' title="bbox 178 2154 1083 2234; baseline 0 -18"><span class='ocrx_word' id='word_1_156' title='bbox 178 2176 238 2234; x_wconf 90' lang='lat' dir='ltr'><strong>que</strong></span> <span class='ocrx_word' id='word_1_157' title='bbox 258 2155 321 2217; x_wconf 88' lang='lat' dir='ltr'><strong>alia</strong></span> <span class='ocrx_word' id='word_1_158' title='bbox 341 2176 397 2217; x_wconf 90' lang='lat' dir='ltr'><strong>nec</strong></span> <span class='ocrx_word' id='word_1_159' title='bbox 417 2156 541 2218; x_wconf 84' lang='lat' dir='ltr'><strong>victoris</strong></span> <span class='ocrx_word' id='word_1_160' title='bbox 561 2155 665 2216; x_wconf 91' lang='lat' dir='ltr'><strong>animo</strong></span> <span class='ocrx_word' id='word_1_161' title='bbox 686 2175 742 2216; x_wconf 91' lang='lat' dir='ltr'><strong>nec</strong></span> <span class='ocrx_word' id='word_1_162' title='bbox 762 2155 867 2234; x_wconf 85' lang='lat' dir='ltr'><strong>magni</strong></span> <span class='ocrx_word' id='word_1_163' title='bbox 888 2154 974 2215; x_wconf 88' lang='lat' dir='ltr'><strong>ducis</strong></span> <span class='ocrx_word' id='word_1_164' title='bbox 998 2173 1083 2216; x_wconf 89' lang='lat' dir='ltr'><strong>more</strong></span> 
     </span>
     <span class='ocr_line' id='line_1_25' title="bbox 179 2234 1084 2316; baseline 0.001 -21"><span class='ocrx_word' id='word_1_165' title='bbox 179 2236 420 2297; x_wconf 68' lang='lat' dir='ltr'><strong>nundinantem!</strong></span> <span class='ocrx_word' id='word_1_166' title='bbox 475 2236 553 2297; x_wconf 86' lang='lat' dir='ltr'><strong>Turn</strong></span> <span class='ocrx_word' id='word_1_167' title='bbox 582 2236 724 2316; x_wconf 88' lang='lat' dir='ltr'><strong>privatae</strong></span> <span class='ocrx_word' id='word_1_168' title='bbox 750 2255 870 2314; x_wconf 91' lang='lat' dir='ltr'><strong>quoque</strong></span> <span class='ocrx_word' id='word_1_169' title='bbox 896 2254 951 2314; x_wconf 91' lang='lat' dir='ltr'><strong>per</strong></span> <span class='ocrx_word' id='word_1_170' title='bbox 977 2234 1084 2296; x_wconf 88' lang='lat' dir='ltr'><strong>domos</strong></span> 
     </span>
    </p>

    <p class='ocr_par' dir='ltr' id='par_1_6' title="bbox 126 2313 1084 2717">
     <span class='ocr_line' id='line_1_26' title="bbox 126 2313 1084 2409; baseline -0.001 -31"><span class='ocrx_word' id='word_1_171' title='bbox 126 2315 165 2378; x_wconf 81' lang='lat'><strong>25</strong></span> <span class='ocrx_word' id='word_1_172' title='bbox 179 2316 280 2377; x_wconf 89' lang='lat' dir='ltr'><strong>clades</strong></span> <span class='ocrx_word' id='word_1_173' title='bbox 295 2316 438 2396; x_wconf 87' lang='lat' dir='ltr'><strong>vulgatae</strong></span> <span class='ocrx_word' id='word_1_174' title='bbox 451 2325 531 2390; x_wconf 90' lang='lat' dir='ltr'><strong>sunt,</strong></span> <span class='ocrx_word' id='word_1_175' title='bbox 546 2316 682 2396; x_wconf 87' lang='lat' dir='ltr'><strong>adeoque</strong></span> <span class='ocrx_word' id='word_1_176' title='bbox 700 2324 797 2378; x_wconf 88' lang='lat' dir='ltr'><strong>totam</strong></span> <span class='ocrx_word' id='word_1_177' title='bbox 818 2313 925 2376; x_wconf 90' lang='lat' dir='ltr'><strong>urbem</strong></span> <span class='ocrx_word' id='word_1_178' title='bbox 945 2314 1084 2409; x_wconf 86' lang='lat' dir='ltr'><strong>opplevit</strong></span> 
     </span>
     <span class='ocr_line' id='line_1_27' title="bbox 179 2394 1084 2470; baseline -0.001 -13"><span class='ocrx_word' id='word_1_179' title='bbox 179 2397 289 2470; x_wconf 88' lang='lat' dir='ltr'><strong>luctus,</strong></span> <span class='ocrx_word' id='word_1_180' title='bbox 304 2407 339 2459; x_wconf 92' lang='lat' dir='ltr'><strong>ut</strong></span> <span class='ocrx_word' id='word_1_181' title='bbox 352 2416 472 2458; x_wconf 87' lang='lat' dir='ltr'><strong>sacrum</strong></span> <span class='ocrx_word' id='word_1_182' title='bbox 487 2397 730 2459; x_wconf 87' lang='lat' dir='ltr'><strong>anniversarium</strong></span> <span class='ocrx_word' id='word_1_183' title='bbox 745 2394 862 2457; x_wconf 79' lang='lat' dir='ltr'><strong>Cereris</strong></span> <span class='ocrx_word' id='word_1_184' title='bbox 877 2395 1084 2456; x_wconf 85' lang='lat' dir='ltr'><strong>intermrssum</strong></span> 
     </span>
     <span class='ocr_line' id='line_1_28' title="bbox 178 2474 1084 2557; baseline -0.001 -20"><span class='ocrx_word' id='word_1_185' title='bbox 178 2477 228 2550; x_wconf 91' lang='lat' dir='ltr'><strong>sit,</strong></span> <span class='ocrx_word' id='word_1_186' title='bbox 242 2477 315 2557; x_wconf 89' lang='lat' dir='ltr'><strong>quia</strong></span> <span class='ocrx_word' id='word_1_187' title='bbox 328 2497 384 2537; x_wconf 89' lang='lat' dir='ltr'><strong>nec</strong></span> <span class='ocrx_word' id='word_1_188' title='bbox 398 2476 573 2555; x_wconf 89' lang='lat' dir='ltr'><strong>lugentibus</strong></span> <span class='ocrx_word' id='word_1_189' title='bbox 587 2477 620 2537; x_wconf 90' lang='lat' dir='ltr'><strong>id</strong></span> <span class='ocrx_word' id='word_1_190' title='bbox 635 2477 735 2538; x_wconf 86' lang='lat' dir='ltr'><strong>facere</strong></span> <span class='ocrx_word' id='word_1_191' title='bbox 755 2484 801 2536; x_wconf 89' lang='lat' dir='ltr'><strong>est</strong></span> <span class='ocrx_word' id='word_1_192' title='bbox 820 2475 866 2536; x_wconf 86' lang='lat' dir='ltr'><strong>fas</strong></span> <span class='ocrx_word' id='word_1_193' title='bbox 885 2495 942 2535; x_wconf 91' lang='lat' dir='ltr'><strong>neo</strong></span> <span class='ocrx_word' id='word_1_194' title='bbox 961 2474 1029 2536; x_wconf 91' lang='lat' dir='ltr'><strong>ulla</strong></span> <span class='ocrx_word' id='word_1_195' title='bbox 1048 2476 1084 2536; x_wconf 90' lang='lat' dir='ltr'><strong>in</strong></span> 
     </span>
     <span class='ocr_line' id='line_1_29' title="bbox 178 2554 1084 2637; baseline 0 -21"><span class='ocrx_word' id='word_1_196' title='bbox 178 2557 236 2617; x_wconf 89' lang='lat' dir='ltr'><strong>illa</strong></span> <span class='ocrx_word' id='word_1_197' title='bbox 245 2565 424 2637; x_wconf 83' lang='lat' dir='ltr'><strong>tempestate</strong></span> <span class='ocrx_word' id='word_1_198' title='bbox 434 2566 574 2619; x_wconf 90' lang='lat' dir='ltr'><strong>matrona</strong></span> <span class='ocrx_word' id='word_1_199' title='bbox 585 2577 693 2637; x_wconf 88' lang='lat' dir='ltr'><strong>expers</strong></span> <span class='ocrx_word' id='word_1_200' title='bbox 706 2556 808 2617; x_wconf 88' lang='lat' dir='ltr'><strong>luctus</strong></span> <span class='ocrx_word' id='word_1_201' title='bbox 822 2556 931 2616; x_wconf 85' lang='lat' dir='ltr'><strong>fuerat.</strong></span> <span class='ocrx_word' id='word_1_202' title='bbox 972 2554 1084 2634; x_wconf 85' lang='lat' dir='ltr'><strong>Itaque</strong></span> 
     </span>
     <span class='ocr_line' id='line_1_30' title="bbox 179 2634 1084 2717; baseline -0.001 -20"><span class='ocrx_word' id='word_1_203' title='bbox 179 2658 217 2697; x_wconf 91' lang='lat' dir='ltr'><strong>ne</strong></span> <span class='ocrx_word' id='word_1_204' title='bbox 231 2636 269 2698; x_wconf 92' lang='lat' dir='ltr'><strong>ob</strong></span> <span class='ocrx_word' id='word_1_205' title='bbox 283 2637 410 2698; x_wconf 87' lang='lat' dir='ltr'><strong>eandem</strong></span> <span class='ocrx_word' id='word_1_206' title='bbox 424 2657 545 2698; x_wconf 86' lang='lat' dir='ltr'><strong>causam</strong></span> <span class='ocrx_word' id='word_1_207' title='bbox 560 2637 623 2698; x_wconf 89' lang='lat' dir='ltr'><strong>alia</strong></span> <span class='ocrx_word' id='word_1_208' title='bbox 637 2656 757 2717; x_wconf 91' lang='lat' dir='ltr'><strong>quoque</strong></span> <span class='ocrx_word' id='word_1_209' title='bbox 778 2655 864 2697; x_wconf 89' lang='lat' dir='ltr'><strong>sacra</strong></span> <span class='ocrx_word' id='word_1_210' title='bbox 904 2634 1007 2696; x_wconf 90' lang='lat' dir='ltr'><strong>ublica</strong></span> <span class='ocrx_word' id='word_1_211' title='bbox 1027 2644 1084 2696; x_wconf 88' lang='lat' dir='ltr'><strong>aut</strong></span> 
     </span>
    </p>

    <p class='ocr_par' dir='ltr' id='par_1_7' title="bbox 126 2655 1084 2859">
     <span class='ocr_line' id='line_1_31' title="bbox 126 2655 1084 2858; baseline -0.002 -81"><span class='ocrx_word' id='word_1_212' title='bbox 126 2716 165 2778; x_wconf 91' lang='lat'><strong>30</strong></span> <span class='ocrx_word' id='word_1_213' title='bbox 178 2717 301 2858; x_wconf 85' lang='lat' dir='ltr'><strong>privata</strong></span> <span class='ocrx_word' id='word_1_214' title='bbox 314 2717 530 2793; x_wconf 87' lang='lat' dir='ltr'><strong>desererentur,</strong></span> <span class='ocrx_word' id='word_1_215' title='bbox 544 2726 666 2779; x_wconf 87' lang='lat' dir='ltr'><strong>senatus</strong></span> <span class='ocrx_word' id='word_1_216' title='bbox 681 2715 819 2779; x_wconf 88' lang='lat' dir='ltr'><strong>consulto</strong></span> <span class='ocrx_word' id='word_1_217' title='bbox 834 2655 940 2777; x_wconf 77' lang='lat' dir='ltr'><strong>diebus</strong></span> <span class='ocrx_word' id='word_1_218' title='bbox 953 2714 1084 2795; x_wconf 86' lang='lat' dir='ltr'><strong>triginta</strong></span> 
     </span>
     <span class='ocr_line' id='line_1_32' title="bbox 192 2798 462 2859; baseline 0.007 -2"><span class='ocrx_word' id='word_1_219' title='bbox 192 2806 279 2858; x_wconf 84' lang='lat' dir='ltr'><strong>uetus</strong></span> <span class='ocrx_word' id='word_1_220' title='bbox 292 2805 337 2858; x_wconf 88' lang='lat' dir='ltr'><strong>est</strong></span> <span class='ocrx_word' id='word_1_221' title='bbox 350 2798 462 2859; x_wconf 87' lang='lat' dir='ltr'><strong>linitus.</strong></span> 
     </span>
    </p>

    <p class='ocr_par' dir='ltr' id='par_1_8' title="bbox 178 2874 1083 3117">
     <span class='ocr_line' id='line_1_33' title="bbox 219 2874 1083 2950; baseline -0.003 -12"><span class='ocrx_word' id='word_1_222' title='bbox 219 2876 362 2938; x_wconf 84' lang='lat' dir='ltr'><strong>Ceterum</strong></span> <span class='ocrx_word' id='word_1_223' title='bbox 386 2898 465 2950; x_wconf 91' lang='lat' dir='ltr'><strong>cum,</strong></span> <span class='ocrx_word' id='word_1_224' title='bbox 490 2878 594 2940; x_wconf 85' lang='lat' dir='ltr'><strong>sedato</strong></span> <span class='ocrx_word' id='word_1_225' title='bbox 617 2877 702 2938; x_wconf 90' lang='lat' dir='ltr'><strong>urbis</strong></span> <span class='ocrx_word' id='word_1_226' title='bbox 726 2875 873 2949; x_wconf 84' lang='lat' dir='ltr'><strong>tumultu,</strong></span> <span class='ocrx_word' id='word_1_227' title='bbox 894 2874 1030 2938; x_wconf 85' lang='lat' dir='ltr'><strong>revocati</strong></span> <span class='ocrx_word' id='word_1_228' title='bbox 1049 2874 1083 2936; x_wconf 93' lang='lat' dir='ltr'><strong>in</strong></span> 
     </span>
     <span class='ocr_line' id='line_1_34' title="bbox 179 2955 1083 3036; baseline -0.002 -18"><span class='ocrx_word' id='word_1_229' title='bbox 179 2957 297 3018; x_wconf 91' lang='lat' dir='ltr'><strong>curiam</strong></span> <span class='ocrx_word' id='word_1_230' title='bbox 311 2966 412 3036; x_wconf 88' lang='lat' dir='ltr'><strong>patres</strong></span> <span class='ocrx_word' id='word_1_231' title='bbox 426 2967 532 3031; x_wconf 87' lang='lat' dir='ltr'><strong>essent,</strong></span> <span class='ocrx_word' id='word_1_232' title='bbox 548 2958 628 3019; x_wconf 91' lang='lat' dir='ltr'><strong>aliae</strong></span> <span class='ocrx_word' id='word_1_233' title='bbox 649 2958 772 3036; x_wconf 90' lang='lat' dir='ltr'><strong>insuper</strong></span> <span class='ocrx_word' id='word_1_234' title='bbox 787 2976 825 3017; x_wconf 86' lang='lat' dir='ltr'><strong>ex</strong></span> <span class='ocrx_word' id='word_1_235' title='bbox 840 2955 947 3018; x_wconf 85' lang='lat' dir='ltr'><strong>Sicilia</strong></span> <span class='ocrx_word' id='word_1_236' title='bbox 960 2955 1083 3016; x_wconf 86' lang='lat' dir='ltr'><strong>litterae</strong></span> 
     </span>
     <span class='ocr_line' id='line_1_35' title="bbox 178 3037 1083 3117; baseline -0.004 -19"><span class='ocrx_word' id='word_1_237' title='bbox 178 3037 302 3098; x_wconf 89' lang='lat' dir='ltr'><strong>adlatae</strong></span> <span class='ocrx_word' id='word_1_238' title='bbox 328 3046 401 3098; x_wconf 88' lang='lat' dir='ltr'><strong>sunt</strong></span> <span class='ocrx_word' id='word_1_239' title='bbox 424 3037 464 3098; x_wconf 88' lang='lat' dir='ltr'><strong>ab</strong></span> <span class='ocrx_word' id='word_1_240' title='bbox 488 3037 523 3098; x_wconf 91' lang='grc' dir='ltr'><strong>Τ.</strong></span> <span class='ocrx_word' id='word_1_241' title='bbox 549 3037 682 3099; x_wconf 88' lang='lat' dir='ltr'><strong>Otacilio</strong></span> <span class='ocrx_word' id='word_1_242' title='bbox 705 3045 912 3117; x_wconf 88' lang='lat' dir='ltr'><strong>propraetore,</strong></span> <span class='ocrx_word' id='word_1_243' title='bbox 937 3040 1083 3116; x_wconf 85' lang='lat' dir='ltr'><strong>‘regnum</strong></span> 
     </span>
    </p>

    <p class='ocr_par' dir='ltr' id='par_1_9' title="bbox 126 3115 1083 3434">
     <span class='ocr_line' id='line_1_36' title="bbox 126 3115 1083 3196; baseline -0.003 -18"><span class='ocrx_word' id='word_1_244' title='bbox 126 3117 165 3178; x_wconf 79' lang='lat'><strong>35</strong></span> <span class='ocrx_word' id='word_1_245' title='bbox 179 3117 324 3178; x_wconf 88' lang='lat' dir='ltr'><strong>Hieronis</strong></span> <span class='ocrx_word' id='word_1_246' title='bbox 339 3117 433 3178; x_wconf 86' lang='lat' dir='ltr'><strong>classe</strong></span> <span class='ocrx_word' id='word_1_247' title='bbox 447 3117 565 3178; x_wconf 88' lang='lat' dir='ltr'><strong>Punica</strong></span> <span class='ocrx_word' id='word_1_248' title='bbox 580 3117 711 3190; x_wconf 82' lang='lat' dir='ltr'><strong>vastari3</strong></span> <span class='ocrx_word' id='word_1_249' title='bbox 732 3117 782 3178; x_wconf 92' lang='lat' dir='ltr'><strong>cui</strong></span> <span class='ocrx_word' id='word_1_250' title='bbox 798 3136 868 3177; x_wconf 89' lang='lat' dir='ltr'><strong>cum</strong></span> <span class='ocrx_word' id='word_1_251' title='bbox 882 3136 971 3196; x_wconf 91' lang='lat' dir='ltr'><strong>opem</strong></span> <span class='ocrx_word' id='word_1_252' title='bbox 984 3115 1083 3195; x_wconf 90' lang='lat' dir='ltr'><strong>inplo-</strong></span> 
     </span>
     <span class='ocr_line' id='line_1_37' title="bbox 179 3195 1083 3269; baseline -0.001 -13"><span class='ocrx_word' id='word_1_253' title='bbox 179 3197 262 3257; x_wconf 90' lang='lat' dir='ltr'><strong>ranti</strong></span> <span class='ocrx_word' id='word_1_254' title='bbox 277 3198 355 3257; x_wconf 83' lang='lat' dir='ltr'><strong>ferre</strong></span> <span class='ocrx_word' id='word_1_255' title='bbox 371 3197 472 3269; x_wconf 88' lang='lat' dir='ltr'><strong>vellet,</strong></span> <span class='ocrx_word' id='word_1_256' title='bbox 486 3197 661 3257; x_wconf 89' lang='lat' dir='ltr'><strong>nuntiatum</strong></span> <span class='ocrx_word' id='word_1_257' title='bbox 683 3196 741 3257; x_wconf 92' lang='lat' dir='ltr'><strong>sibi</strong></span> <span class='ocrx_word' id='word_1_258' title='bbox 763 3216 825 3257; x_wconf 89' lang='lat' dir='ltr'><strong>esse</strong></span> <span class='ocrx_word' id='word_1_259' title='bbox 845 3195 939 3257; x_wconf 90' lang='lat' dir='ltr'><strong>aliam</strong></span> <span class='ocrx_word' id='word_1_260' title='bbox 955 3195 1083 3257; x_wconf 84' lang='lat' dir='ltr'><strong>classem</strong></span> 
     </span>
     <span class='ocr_line' id='line_1_38' title="bbox 178 3275 1082 3355; baseline 0.001 -20"><span class='ocrx_word' id='word_1_261' title='bbox 178 3276 218 3335; x_wconf 89' lang='lat' dir='ltr'><strong>ad</strong></span> <span class='ocrx_word' id='word_1_262' title='bbox 234 3277 360 3354; x_wconf 88' lang='lat' dir='ltr'><strong>Aegatis</strong></span> <span class='ocrx_word' id='word_1_263' title='bbox 382 3275 496 3336; x_wconf 87' lang='lat' dir='ltr'><strong>insulas</strong></span> <span class='ocrx_word' id='word_1_264' title='bbox 516 3284 597 3336; x_wconf 89' lang='lat' dir='ltr'><strong>stare</strong></span> <span class='ocrx_word' id='word_1_265' title='bbox 614 3285 754 3354; x_wconf 87' lang='lat' dir='ltr'><strong>paratam</strong></span> <span class='ocrx_word' id='word_1_266' title='bbox 772 3276 1022 3355; x_wconf 85' lang='lat' dir='ltr'><strong>instructamque,</strong></span> <span class='ocrx_word' id='word_1_267' title='bbox 1037 3283 1082 3349; x_wconf 86' lang='lat' dir='ltr'><strong>ut,</strong></span> 
     </span>
     <span class='ocr_line' id='line_1_39' title="bbox 178 3355 1083 3434; baseline 0.003 -22"><span class='ocrx_word' id='word_1_268' title='bbox 178 3355 233 3413; x_wconf 91' lang='lat' dir='ltr'><strong>ubi</strong></span> <span class='ocrx_word' id='word_1_269' title='bbox 253 3375 284 3414; x_wconf 87' lang='lat' dir='ltr'><strong>se</strong></span> <span class='ocrx_word' id='word_1_270' title='bbox 299 3375 417 3416; x_wconf 89' lang='lat' dir='ltr'><strong>versum</strong></span> <span class='ocrx_word' id='word_1_271' title='bbox 432 3355 472 3415; x_wconf 89' lang='lat' dir='ltr'><strong>ad</strong></span> <span class='ocrx_word' id='word_1_272' title='bbox 487 3355 633 3415; x_wconf 89' lang='lat' dir='ltr'><strong>tuendam</strong></span> <span class='ocrx_word' id='word_1_273' title='bbox 647 3355 871 3434; x_wconf 80' lang='lat' dir='ltr'><strong>Syracusanam</strong></span> <span class='ocrx_word' id='word_1_274' title='bbox 886 3375 971 3416; x_wconf 88' lang='lat' dir='ltr'><strong>oram</strong></span> <span class='ocrx_word' id='word_1_275' title='bbox 986 3355 1083 3416; x_wconf 92' lang='lat' dir='ltr'><strong>Poeni</strong></span> 
     </span>
    </p>
   </div>
   <div class='ocr_carea' id='block_1_3' title="bbox 178 3433 1083 3517">
    <p class='ocr_par' dir='ltr' id='par_1_10' title="bbox 178 3433 1083 3517">
     <span class='ocr_line' id='line_1_40' title="bbox 178 3433 1083 3517; baseline 0.003 -22"><span class='ocrx_word' id='word_1_276' title='bbox 178 3433 346 3509; x_wconf 81' lang='lat' dir='ltr'><strong>sensissent,</strong></span> <span class='ocrx_word' id='word_1_277' title='bbox 357 3433 541 3514; x_wconf 85' lang='lat' dir='ltr'><strong>Lilybaeum</strong></span> <span class='ocrx_word' id='word_1_278' title='bbox 555 3435 710 3515; x_wconf 88' lang='lat' dir='ltr'><strong>extemplo</strong></span> <span class='ocrx_word' id='word_1_279' title='bbox 722 3435 973 3517; x_wconf 88' lang='lat' dir='ltr'><strong>provinciamque</strong></span> <span class='ocrx_word' id='word_1_280' title='bbox 987 3435 1083 3498; x_wconf 83' lang='lat' dir='ltr'><strong>aliam</strong></span> 
     </span>
    </p>
   </div>
   <div class='ocr_carea' id='block_1_4' title="bbox 0 0 1322 3796">
    <p class='ocr_par' dir='ltr' id='par_1_11' title="bbox 0 0 1322 3796">
     <span class='ocr_line' id='line_1_41' title="bbox 0 0 1322 3796; baseline 0 0"><span class='ocrx_word' id='word_1_281' title='bbox 0 0 1322 3796; x_wconf 95' lang='lat' dir='ltr'><strong> </strong></span> 
     </span>
    </p>
   </div>
  </div>
 </body>
</html>
