2628 3796
152 211 215 276 192
322 228 412 275 τιτι
438 227 534 277 u1v1
560 225 615 274 an
641 229 759 278 vana
791 227 982 277 sonorus

203 385 276 445 est.’'
317 384 370 446 Ad
384 405 420 445 ea
434 384 556 446 consul:
573 389 634 446 “tu
649 385 781 465 quidem,
792 385 848 447 On.
860 385 993 461 Corneli,
1007 393 1110 447 macte

204 465 319 526 virtute
343 466 422 525 estol
444 465 497 525 sed
522 485 597 527 cave
620 465 735 527 frustra
762 467 933 528 miserando
960 467 1109 546 exiguum

203 552 324 624 tempus
338 565 355 605 e
369 544 510 605 manibus
528 545 661 606 hostium
675 546 826 608 evadendi
841 546 991 608 absumas.
1033 546 1109 621 Abi,

204 625 314 685 nuntia
328 623 452 704 publice
493 624 620 698 auibus,
635 625 741 686 urbem
764 625 936 687 Romanam
956 627 1109 700 muniant,

171 705 250 776 bae,
274 704 453 784 priusquam
472 645 572 765 lnostis
596 704 696 766 vietor
718 705 853 779 advenit,
877 707 1037 798 praesidiis
1059 705 1111 765 fir·

202 793 301 858 ment;
335 785 480 864 privatim
508 785 547 862 Q.
574 783 681 858 Fabio,
708 781 750 846 Ia'
773 783 943 845 Aemilrum
969 806 1111 865 praeoe-

201 873 302 926 torum
322 867 386 945 ejus
406 886 568 926 memorem
588 873 619 926 et
638 865 750 928 vixisse
770 865 872 926 adhue
885 873 916 925 et
928 865 1014 926 mori
1056 807 1111 937 lle

206 941 239 1001 in
260 941 319 1002 hae
338 950 440 1021 strage
464 941 599 1002 militum
622 961 759 1002 meorum
779 951 884 1022 patere
903 944 1053 1023 expirare,
1071 964 1111 1003 ne

206 1030 261 1082 aut
281 1041 349 1082 reus
370 1022 480 1082 iterum
494 1041 511 1082 e
525 1021 688 1081 consulatu
708 1022 766 1082 sim
788 1031 843 1084 aut
864 1033 1022 1084 aecusator
1042 1043 1112 1084 eon-

154 1103 194 1164 10
208 1101 293 1180 lagae
306 1103 446 1175 existam,
461 1109 496 1162 nt
516 1100 618 1162 alieno
638 1101 766 1162 crimine
785 1102 991 1162 innocentiam
1011 1105 1112 1163 meam

207 1180 393 1262 protegam.'’
436 1181 524 1242 Haeo
535 1201 584 1241 eos
598 1183 716 1261 agentis
731 1181 815 1262 prius
826 1181 918 1242 turba
928 1182 1113 1262 fugientium

208 1261 332 1335 civium,
356 1261 467 1321 deinde
494 1261 593 1322 hostes
620 1282 811 1340 oppressere;
840 1262 1002 1336 consulem,
1027 1262 1113 1341 igno·

208 1349 309 1401 rantes
336 1341 404 1420 quis
431 1348 516 1414 esset,
542 1340 710 1402 obruerunt
733 1341 811 1416 telis,
836 1341 1006 1402 Lentulum
1030 1343 1114 1407 inter

208 1420 375 1483 tumultum
396 1421 534 1500 abripuit
552 1441 656 1500 equus.
810 1435 813 1440 '

156 1502 195 1564 15
249 1500 328 1560 Tum
342 1501 478 1580 undique
491 1500 584 1561 effuse
597 1501 729 1580 fugiunt.
770 1501 892 1582 Septem
910 1503 999 1563 milia
1016 1502 1115 1564 homi·

209 1601 284 1641 num
304 1581 337 1640 in
356 1581 476 1642 minora
496 1590 605 1654 castra,
620 1581 724 1642 decem
744 1582 776 1641 in
798 1583 924 1662 majora,
938 1583 1000 1644 duo
1016 1583 1115 1643 ferme

209 1661 242 1722 in
256 1660 359 1722 vicum
373 1661 472 1740 ipsum
486 1660 609 1722 Cannas
623 1661 829 1742 perfugerant,
845 1663 898 1742 qui
919 1663 1073 1742 extemplo
1095 1680 1115 1723 a

210 1739 396 1802 Carthalone
409 1749 501 1820 atque
514 1740 677 1821 equitibus,
688 1742 775 1803 nullo
789 1744 979 1804 munimento
992 1751 1115 1822 tegente

209 1821 323 1893 visum,
338 1819 539 1882 circumventi
552 1830 632 1883 sunt.
673 1821 788 1882 Consul
801 1822 889 1896 alter,
903 1843 957 1884 seu
967 1823 1046 1884 forte
1059 1843 1113 1883 seu

157 1901 196 1963 20
211 1899 347 1973 oonsilio,
361 1899 441 1960 nulli
455 1900 640 1980 fugientium
653 1900 784 1964 insertus
804 1903 929 1981 agmini,
944 1923 1012 1964 oum
1028 1903 1115 1982 quin·

210 1980 360 2060 quaginta
373 1980 435 2041 fere
445 1981 598 2060 equitibus
609 1981 778 2043 Venusiam
788 1983 877 2062 perfu
899 1983 932 2044 it.
974 1983 1116 2060 Quadra·

209 2061 298 2152 ginta
311 2060 444 2153 quinque
457 2061 544 2122 milia
558 2061 718 2142 quingenti
731 2061 857 2142 pedites,
870 2004 931 2123 duo
944 2063 1032 2123 milia
1050 2083 1117 2152 sep·

208 2147 337 2217 tmgentr
357 2140 481 2218 equites,
495 2149 526 2202 et
546 2150 632 2202 tanta
652 2162 747 2222 prope
768 2141 882 2202 civium
903 2146 1013 2220 quomo
1024 2159 1119 2200 socro-

208 2239 277 2278 rum
304 2239 383 2298 pars,
411 2221 489 2280 eaesi
516 2221 676 2294 dicuntur3
711 2223 742 2281 in
770 2222 817 2280 his
845 2220 935 2280 ambo
958 2219 1117 2280 consulum

160 2299 395 2377 atqueatoue,
416 2297 452 2358 L.
473 2297 590 2358 Atilius
616 2306 648 2358 et
675 2298 711 2359 L.
740 2296 854 2359 Furius
883 2297 1060 2370 Bibaculus,
1086 2305 1117 2358 et

214 2377 425 2456 undetriginta
457 2377 575 2438 tribuni
609 2377 753 2450 militum,
782 2377 955 2438 consulares
990 2377 1116 2457 quidam

236 2457 419 2537 raetoriique
445 2466 476 2518 et
502 2457 638 2518 aedilicii
666 2458 761 2531 (inter
789 2477 838 2518 eos
867 2457 923 2519 Cu.
951 2456 1117 2519 Servilium

240 2538 372 2597 eminum
396 2545 427 2596 et
446 2537 490 2597 M.
511 2537 682 2596 Minucium
703 2545 873 2608 numerant,
895 2535 948 2614 qui
970 2535 1114 2613 magister

208 2616 344 2695 equitum
378 2616 478 2705 priore
511 2637 600 2690 anno,
634 2615 751 2694 aliquot
791 2615 878 2676 annis
912 2623 982 2675 ante
1016 2614 1116 2706 oqaaal

159 2692 199 2753 30
213 2693 339 2770 fuerat),
354 2700 509 2771 octogiuta
522 2701 679 2773 praeterea
692 2701 746 2754 aut
759 2700 911 2753 senatores
929 2700 985 2753 aut
1019 2712 1051 2752 ιιι
1065 2712 1117 2754 eos

213 2771 410 2851 magistratus
424 2772 583 2850 gessissent
593 2772 674 2832 unde
687 2772 720 2832 in
734 2781 873 2833 senatum
887 2771 949 2852 legi
962 2772 1000 2833 de
1039 2780 1118 2847 rent,

214 2872 285 2912 oum
304 2871 360 2912 sua
373 2851 533 2914 voluntate
552 2851 664 2912 milites
684 2851 718 2912 in
737 2851 908 2931 legionibus
921 2852 996 2912 facti
1009 2860 1117 2912 essent

214 2931 314 3011 Capta
328 2951 363 2992 eo
376 2930 492 3010 proelio
506 2931 567 2992 tria
580 2931 668 2994 milia
685 2932 824 3012 peditum
844 2940 876 2994 et
895 2931 1011 3012 equites
1031 2931 1120 2993 mille

215 3021 245 3073 et
281 3011 419 3090 uingenti
433 3011 588 3072 dicuntur.

162 3093 201 3154 35
255 3033 292 3152 la.
334 3091 422 3152 Haeo
443 3101 488 3152 est
506 3111 611 3171 pugna
631 3090 807 3167 Cannensis,
821 3091 943 3153 Aliensi
965 3090 1047 3152 eladi
1067 3113 1120 3152 no-

216 3171 336 3233 bilitate
350 3191 415 3250 par,
431 3180 564 3232 osterum
578 3180 614 3233 ut
628 3172 699 3246 illis,
713 3193 791 3252 quae
805 3181 873 3254 post
886 3192 1022 3252 pugnam
1043 3173 1123 3232 acei-

217 3251 297 3324 dere,
318 3251 424 3323 levior,
446 3251 518 3329 quia
539 3250 578 3311 ab
599 3251 684 3312 hoste
705 3262 750 3313 est
770 3261 929 3326 cessatum,
950 3253 995 3314 sio
1020 3262 1123 3331 strage

217 3329 368 3392 exereitus
402 3331 526 3408 gravior
559 3331 742 3410 foediorque.
793 3332 882 3411 Fuga
915 3352 1048 3410 namque
1082 3332 1124 3392 ad

214 3409 324 3472 'Aliam
346 3410 426 3471 sieut
440 3408 547 3470 urbem
560 3411 707 3490 prodidit,
722 3412 767 3474 ita
780 3413 951 3474 exercitum
970 3413 1125 3486 servavit;
