2572 3790
142 227 186 296 52
310 243 401 290 rrrr
427 239 607 290 urvrnn
632 240 752 289 vanu
782 239 973 289 connrra

194 400 297 482 inquit
316 400 354 472 ei,
391 420 461 460 uem
502 399 615 460 rimum
635 397 816 460 sententiam
838 396 976 478 rogabat,
991 398 1097 477 “quid

195 481 342 544 censes?”
405 481 474 540 um'
490 481 535 540 le:
551 485 653 560 “puro
667 479 777 559 pioque
791 478 894 539 duello
909 480 1097 558 quaerendas

195 583 310 635 censeo,
324 560 427 640 itaque
441 560 595 622 consentio
609 559 848 638 consciscoque.''
890 558 969 620 Inde
990 559 1098 620 ordine

195 641 250 704 alii
270 640 475 722 rogabantur;
496 641 680 720 quandoque
699 660 770 720 pars
790 640 887 719 major
907 659 1022 713 eorum,
1043 639 1098 719 qui

162 721 181 784 5
195 721 333 796 aderant,
347 721 379 782 in
394 720 521 782 eandem
534 720 717 780 sententiam
730 719 806 792 ibat,
817 718 933 780 bellum
948 727 1014 781 erat
1028 740 1098 781 con·

194 821 324 863 sensum.
365 800 451 862 Fieri
469 799 604 874 solitum,
621 807 657 860 ut
676 798 789 860 fetialis
809 799 929 860 hastam
950 800 1097 861 ferratam

194 890 250 943 aut
262 882 461 964 sanguineam
474 889 648 962 praeustam
669 879 708 940 ad
728 879 803 941 fines
823 900 928 940 eorum
944 880 1038 942 ferret
1056 888 1097 954 et,

194 983 256 1024 non
282 963 384 1022 minus
410 961 508 1024 tribus
534 959 701 1042 puberibus
724 959 943 1040 praesentibus,
964 960 1096 1022 diceret:

195 1043 304 1122 “quod
337 1042 445 1123 populi
478 1041 653 1104 Priscorum
686 1039 870 1102 Latinorum
899 1040 1098 1119 hominesque

142 1122 181 1185 10
195 1121 293 1184 Prisci
303 1121 409 1184 Latini
423 1122 568 1186 adversus
578 1120 727 1202 populum
738 1121 913 1182 Romanum
924 1120 1097 1197 Quiritium

194 1203 340 1277 fecerunt,
361 1201 564 1283 deliquerunt,
586 1202 668 1281 quod
728 1201 820 1281 pnlus
842 1201 998 1262 Romanus
1022 1201 1098 1278 Qui-

195 1284 301 1344 ritium
322 1282 438 1345 bellum
459 1304 529 1344 cum
550 1282 662 1344 Priscis
712 1281 804 1342 atinis
820 1281 911 1361 jussit
926 1301 997 1356 esse,
1011 1301 1097 1342 sena-

194 1372 302 1445 tusque
322 1363 427 1444 populi
449 1363 582 1424 Romani
596 1363 768 1440 Quiritium
788 1361 916 1435 censuit,
936 1363 1096 1436 consensit,

194 1445 351 1519 conscivit,
371 1454 406 1505 ut
427 1442 544 1504 bellum
568 1463 639 1504 cum
663 1442 776 1503 Priscis
799 1441 921 1503 Latinis
940 1441 1034 1514 fieret,
1055 1443 1096 1504 ob

142 1524 181 1585 15
195 1546 261 1586 eam
282 1546 347 1585 rem
364 1545 418 1603 ego
436 1523 627 1604 populusque
651 1522 810 1584 Romanus
833 1521 956 1601 populis
979 1522 1097 1584 Prisco-

195 1625 263 1665 rum
277 1603 459 1666 Latinorum
474 1603 708 1682 hominibusque
718 1602 832 1663 Priscis
846 1602 966 1663 Latinis
981 1602 1097 1664 bellum

194 1685 297 1745 indico
318 1684 485 1764 facioque''
526 1684 565 1745 Id
589 1682 644 1743 nbi
667 1683 804 1755 dixisset,
825 1683 946 1743 hastam
968 1683 1001 1743 in
1021 1683 1097 1744 lines
1200 1679 1206 1689 ‘
1273 1697 1274 1764 l

194 1785 300 1826 eorum
313 1764 481 1826 emittebat.
523 1764 596 1826 Hoc
616 1771 683 1824 tum
702 1762 793 1823 modo
814 1761 853 1822 ab
875 1762 996 1823 Latinis
1012 1783 1096 1842 rope·

193 1845 270 1906 titae
283 1865 329 1904 res
343 1864 379 1905 ac
394 1844 509 1906 bellum
530 1845 692 1919 indictum,
707 1862 882 1924 moremque
896 1862 966 1903 eum
983 1842 1096 1922 posteri

141 1927 384 2004 coacceperunt

128 2039 140 2080 q
234 2003 399 2066 XXXIII.
440 2005 556 2079 Ancus,
571 2005 757 2067 demandata
777 2023 852 2066 cura
871 2023 1026 2064 sacrorum
1043 2002 1098 2063 fla·

194 2085 329 2145 minibus
355 2086 622 2164 sacerdotibusque
649 2086 728 2159 aliis,
754 2084 890 2146 exercitu
919 2103 999 2146 novo
1026 2103 1097 2144 cou-

194 2167 316 2246 scripto,
336 2165 491 2246 profectus
511 2165 705 2238 Politorium,
726 2165 833 2226 urbem
853 2164 1046 2237 Latinorum,
1060 2163 1095 2225 vi

195 2247 294 2326 cepit;
314 2256 494 2326 secutusque
518 2265 633 2306 morem
655 2264 762 2323 regum
786 2244 931 2323 priorum,
954 2243 1096 2322 quirem

141 2327 181 2388 25
196 2327 367 2387 Romanam
381 2334 534 2387 auxerant
554 2323 692 2385 hostibus
713 2325 746 2384 in
767 2324 925 2386 civitatem
945 2323 1096 2403 accipien-

195 2405 251 2479 dis,
264 2405 491 2466 multitudinem
503 2425 622 2466 omnem
634 2404 766 2465 Romam
778 2403 926 2465 traduxit.
968 2403 1011 2463 Et
1025 2423 1097 2463 cum

194 2486 277 2547 circa
297 2485 461 2559 Palatium,
475 2485 577 2546 sedem
591 2493 730 2548 veterum
752 2485 971 2557 Romanorum,
988 2481 1097 2544 Sabini
1215 2550 1218 2555 .

194 2565 381 2646 Capitolium
406 2575 499 2644 atque
519 2585 630 2639 arcem,
655 2563 795 2626 Caelium
819 2571 953 2624 montem
977 2562 1097 2646 Albani
1205 2611 1207 2614 .

194 2646 368 2726 inplesscnt,
394 2645 586 2706 Aventinum
620 2664 718 2706 novae
751 2643 945 2705 multitudini
978 2643 1095 2704 datum.

141 2725 181 2789 30
194 2726 306 2788 Additi
326 2725 431 2787 ecdem
451 2725 529 2786 haut
548 2726 594 2786 ita
613 2723 712 2786 multo
729 2732 808 2805 post,
821 2721 955 2785 Tellenis
968 2722 1098 2784 Ficana·

194 2827 254 2887 que
267 2807 373 2886 captis,
387 2805 460 2868 novi
474 2807 563 2868 cives

234 2886 417 2948 Politorium
452 2886 524 2948 inde
558 2906 661 2948 rursus
693 2883 777 2948 bello
811 2885 984 2966 repetitum,
1012 2882 1095 2964 quod

194 2987 326 3030 vacuum
353 2976 577 3047 occupaverant
604 2966 701 3027 Prisci
729 2965 853 3040 Latini;
880 2985 977 3046 eaque
1005 2985 1098 3026 causa

194 3047 360 3107 diruendae
375 3047 458 3108 urbis
468 3048 533 3128 ejus
543 3047 603 3108 fuit
613 3047 819 3121 Romaniano
832 3047 965 3107 hostium
979 3065 1098 3124 semper

141 3125 180 3186 35
194 3127 421 3206 receptaculum
451 3137 536 3190 esset.
578 3128 734 3189 Postremo
762 3127 845 3188 omni
872 3126 955 3187 bello
983 3125 1097 3187 Latino

194 3206 378 3268 Medulliam
399 3207 553 3287 conpulso,
575 3206 766 3287 aliquamdiu
789 3207 832 3267 ibi
855 3207 956 3268 Marte
980 3206 1096 3267 incerto

194 3287 283 3349 varia
311 3288 440 3349 victoria
471 3296 641 3366 pugnatum
669 3296 729 3348 est:
765 3307 837 3346 nam
864 3295 895 3347 et
921 3286 994 3347 urbs
1029 3294 1098 3346 tuta

194 3366 416 3427 munitionibus
444 3367 654 3445 praesidioque
682 3366 804 3429 firmata
830 3365 936 3428 valido
960 3374 1034 3438 erat,
1055 3374 1095 3440 et,

195 3447 301 3507 castris
315 3446 347 3506 in
362 3455 468 3525 aperto
480 3445 594 3526 positis,
603 3445 786 3526 aliquotiens
800 3447 951 3508 exercitus
965 3445 1096 3507 Latinus
