2616 3790
484 247 617 297 trena
642 249 735 316 xxr,
762 234 814 299 63.
1007 269 1013 281 ·
1086 237 1147 302 141

194 411 264 465 ante
277 403 417 483 patribus
431 405 544 467 movit:
561 410 639 466 ‘non
650 425 719 467 cum
734 416 841 469 senatu
856 407 955 483 modo,
967 409 1018 471 sed
1029 411 1096 490 jam

194 503 262 544 cum
281 484 339 544 diis
358 484 572 546 inmortalibus
586 485 620 546 C.
636 485 825 548 Flaminium
846 487 962 550 bellum
983 511 1095 570 gerere.

193 562 355 624 Consulem
376 573 447 625 ante
468 565 556 628 inaus
578 566 658 626 icato
678 567 794 628 factum
819 569 1034 631 revocantibus
1057 592 1096 632 ex

193 643 259 723 ipsa
282 644 347 704 acie
367 644 426 705 diis
451 653 543 724 atque
556 586 736 707 lrominibus
759 667 820 707 non
840 649 993 729 paruisse;
1014 671 1097 712 nunc

194 724 378 785 conscientia
401 733 571 804 spretorum
595 735 626 786 et
650 725 835 806 Capitolium
864 737 895 790 et
921 729 1095 792 sollemnem
1130 731 1150 792 5

192 811 334 865 votorum
354 805 611 884 nuncupationem
632 805 754 886 fugisse,
769 827 808 868 nc
828 808 878 870 die
898 809 968 870 initi
989 811 1097 890 magis·

192 891 291 944 tratus
304 883 328 946 J
328 885 394 945 ovis
408 885 516 963 optimi
531 886 660 946 maximi
674 887 823 982 templum
839 889 946 964 adiret,
961 910 999 951 ne
1012 911 1096 951 sena-

192 971 260 1042 tum
280 963 397 1025 invisus
417 964 481 1057 ipse
494 973 525 1026 et
538 964 595 1026 sibi
611 966 665 1026 uni
679 967 812 1030 invrsum
826 969 943 1032 videret
963 971 1096 1031 consule

193 1052 309 1122 retque,
320 1064 359 1104 ne
372 1042 501 1105 Latinas
516 1045 664 1108 indiceret
675 1047 809 1128 «Iovique
819 1048 938 1110 Latiari
951 1050 1096 1112 sollemne

192 1144 313 1184 sacrum
335 1124 369 1184 in
389 1134 492 1188 moute
512 1124 634 1201 laceret,
655 1149 694 1189 ne
714 1131 871 1209 auspicato
891 1130 1042 1209 profectus
1062 1131 1096 1190 in
1111 1127 1150 1190 10

193 1203 380 1282 Capitolium
396 1204 437 1265 ad
448 1215 521 1268 vota
534 1208 750 1288 nuncupanda,
783 1210 926 1271 eludatur
940 1211 1012 1271 inde
1025 1231 1095 1271 cum

193 1283 353 1345 lictoribus
374 1286 406 1346 in
449 1287 617 1349 rovinciam
638 1289 705 1350 iret.
775 1290 845 1351 ixae
862 1290 952 1351 modo
970 1291 1034 1351 sine
1052 1291 1096 1350 in-

192 1364 341 1444 signibus,
352 1367 418 1427 sine
426 1306 590 1429 lictoribus
604 1369 774 1448 profectum
785 1370 875 1443 clam,
886 1370 1000 1443 furtim,
1011 1370 1096 1430 baud

193 1445 285 1506 aliter
305 1447 443 1540 quamsi
463 1447 550 1508 exilii
571 1468 663 1510 causa
685 1450 785 1511 solum
805 1450 951 1512 vertisset.
992 1449 1094 1529 Magis

192 1546 250 1606 pro
264 1535 422 1606 majestate
435 1527 580 1590 videlieet
593 1529 713 1610 imperii
724 1529 860 1590 Arimini
874 1549 965 1608 quam
980 1529 1096 1591 Romae
1111 1528 1150 1589 15

193 1607 408 1685 magistratum
443 1608 600 1683 initurum,
629 1619 660 1672 et
686 1609 718 1670 in
746 1610 918 1672 deversorio
951 1609 1095 1689 hospitali

193 1707 288 1766 quam
316 1697 391 1767 aput
418 1698 542 1769 penates
568 1711 637 1752 suos
664 1699 855 1771 praetextam
882 1689 1094 1769 sumpturum?

194 1767 416 1829 Revocandum
441 1770 576 1832 universi
603 1771 879 1850 retrahendumque
905 1778 1095 1843 censuerunt,

193 1857 226 1910 et
252 1849 422 1929 cogendum
457 1851 597 1912 omnibus
631 1851 715 1931 prius
748 1859 937 1932 praesentem
964 1850 997 1910 in
1025 1849 1095 1911 deos

192 1929 390 2024 hominesque
414 1931 502 2012 fungi
522 1932 628 1994 officiis
648 1953 740 2072 (luam
761 1932 801 1993 ad
821 1932 990 1992 exercitum
1011 1940 1042 1992 et
1062 1930 1094 1990 in
1110 1934 1149 1996 20

193 2011 384 2090 provinciam
401 2011 467 2074 iret.
510 2011 548 2073 In
569 2033 637 2074 eam
671 2013 841 2092 egationem
863 2011 993 2105 (legatos
1013 2011 1094 2071 enim

192 2091 276 2152 mitti
295 2090 429 2172 placuit)
450 2093 490 2170 Q.
511 2092 670 2155 Terentius
690 2102 721 2154 et
741 2093 786 2154 M.
799 2092 953 2154 Antistius
966 2091 1094 2170 profecti

191 2171 293 2232 nihilo
313 2173 411 2252 magis
430 2193 499 2234 eum
520 2183 690 2244 moverunt,
705 2193 797 2255 quam
816 2173 916 2253 priore
934 2171 1094 2233 consulatu

192 2250 316 2313 litterae
344 2263 502 2316 moverant
529 2253 569 2315 ab
596 2263 705 2316 senatu
728 2254 845 2314 missae.
887 2252 1004 2313 Paucos
1027 2259 1095 2344 post

192 2332 258 2393 dies
278 2333 491 2412 magistratum
512 2333 592 2409 iniit,
605 2334 828 2414 immolantique
848 2333 876 2410 ei
897 2331 1012 2394 vitulus
1028 2351 1094 2411 Jam
1109 2333 1148 2395 25

191 2411 272 2473 ictus
285 2432 303 2472 e
316 2413 457 2474 manibus
476 2414 715 2476 saorilicantium
726 2435 789 2476 sese
803 2433 873 2474 cum
887 2411 1093 2491 proripuisset,

191 2491 306 2552 multos
331 2493 560 2554 circumstantes
583 2513 690 2556 cruore
714 2494 872 2574 respersit3
894 2493 968 2571 fuga
988 2491 1094 2572 procul

192 2571 286 2632 etiam
308 2572 405 2633 ma'or
424 2582 500 2653 aput
520 2574 641 2651 ignaros
660 2573 735 2653 quid
753 2573 967 2654 trepidaretur,
981 2581 1012 2632 et
1026 2591 1094 2633 con·

192 2653 324 2711 cursatio
345 2593 413 2712 luit.
454 2651 492 2712 Id
506 2673 526 2712 a
539 2651 691 2733 plerisque
706 2651 769 2732 [in]
803 2673 891 2713 omen
911 2652 1014 2732 magni
1041 2661 1101 2714 ter-

192 2731 268 2791 roris
297 2740 463 2822 acceptum
504 2730 689 2811 Legionibus
718 2731 790 2791 iude
820 2731 937 2792 duabus
972 2752 991 2792 a
1018 2732 1149 2797 Sem-30

192 2808 302 2888 pronio
329 2809 440 2888 prroris
473 2810 546 2870 anni
581 2810 713 2885 consule,
741 2810 859 2872 duabus
886 2830 906 2871 a
933 2810 966 2872 C.
995 2810 1096 2871 Atilio

192 2897 333 2968 praetore
347 2888 487 2982 acceptis,
501 2889 534 2949 in
548 2889 708 2952 Etruriam
720 2911 775 2973 per
785 2890 944 2972 Apennini
958 2891 1095 2953 tramites

192 2967 345 3030 exercitus
359 2967 430 3031 duci
444 2977 489 3032 est
503 2978 634 3054 coeptus.
