2616 3790
142 209 208 275 174
312 227 403 274 nrm
429 227 525 276 n1v1
551 225 607 273 Aa
632 226 747 277 vnnn
776 227 966 277 connire

194 405 265 447 cum
289 384 321 445 in
346 392 446 446 castra
469 384 602 446 reditum
625 392 710 458 esset,
731 384 895 462 Minucius,
920 389 1097 451 convocatis

194 464 355 539 militibus,
370 471 485 544 “saepe
505 486 561 545 ego
570 466 588 492 ’'
610 465 712 544 inquit
732 466 875 541 “audivi,
889 468 1010 543 milites,
1024 491 1097 530 eum

195 545 329 626 primum
349 565 412 606 esse
425 545 537 620 virum,
557 545 611 624 qui
634 546 699 625 ipse
722 547 863 608 consulat
883 548 957 626 quid
978 549 1011 608 in
1031 570 1098 610 rem

194 626 251 698 sit;
272 625 440 686 secundum
453 645 532 700 eum,
546 625 599 705 qui
614 625 691 686 bene
704 627 842 688 monenti
861 627 1020 702 oboediat;
1042 631 1097 710 qui

161 705 251 768 5nec
270 706 335 785 ipse
355 705 510 768 consulere
529 725 586 766 nee
606 705 695 766 alteri
718 726 827 785 parere
848 708 934 782 sciat,
954 728 1024 768 eum
1044 730 1097 770 ex·

194 786 285 847 tremi
299 784 414 865 ingenii
428 805 498 847 esse
539 785 636 847 Nobis
656 787 801 865 quoniam
816 788 917 866 prima
935 789 1032 849 animi
1051 790 1097 850 in·

194 866 337 946 geniique
349 873 461 945 negata
473 885 537 926 sors
550 875 604 941 est,
617 866 782 926 secundam
804 887 841 927 ac
861 867 993 928 mediam
1013 878 1097 930 tene·

193 966 291 1020 amus,
305 954 344 1020 et,
359 945 433 1006 dum
446 946 597 1025 imperare
617 945 770 1019 discimus,
784 967 891 1026 parere
904 948 1049 1027 prudenti
1062 950 1096 1010 in

194 1027 332 1087 animum
351 1026 541 1087 inducamus.
583 1025 693 1087 Castra
712 1045 783 1087 cum
804 1026 903 1089 Fabio
917 1029 975 1107 jun
999 1048 1094 1092 amus.

140 1104 181 1167 10
194 1105 247 1166 Ad
267 1106 453 1186 praetorium
479 1107 542 1189 ejus
568 1107 657 1186 signa
680 1126 750 1167 cum
774 1105 944 1182 tulerimus,
964 1049 1020 1168 ulti
1039 1130 1095 1188 ego

194 1205 265 1245 eum
294 1186 485 1266 ‘parentem'
513 1187 719 1266 appellavero,
746 1187 828 1265 quod
856 1186 1002 1250 beneficio
1029 1191 1095 1269 ejus

192 1285 265 1346 erga
284 1285 340 1326 nos
359 1286 396 1326 ae
416 1267 572 1346 majestate
592 1267 656 1346 ejus
676 1266 805 1345 dignum
825 1275 880 1341 est,
893 1287 956 1342 vos,
971 1268 1093 1343 milites,

186 1367 244 1418 eos,
265 1366 392 1426 quorum
419 1366 473 1407 vos
492 1345 583 1406 modo
610 1367 696 1407 arma
723 1366 757 1406 ac
777 1345 921 1407 dexterae
944 1355 1095 1420 texenmt,
1131 1369 1140 1382 *

187 1425 363 1506 ‘patronos’
390 1425 570 1498 salutabitis,
591 1435 630 1499 et,
656 1427 682 1486 si
708 1425 788 1485 nihil
815 1426 909 1498 aliud,
936 1433 1095 1505 gratorum

137 1511 175 1571 15
187 1516 266 1566 certe
279 1505 365 1566 nobis
379 1505 549 1564 animorum
563 1504 693 1584 gloriam
707 1505 770 1565 dies
784 1505 835 1566 hic
849 1505 993 1566 dederit''

226 1585 340 1646 XXX.
381 1584 473 1672 Signo
500 1585 581 1657 dato,
609 1584 818 1646 conclamatur
851 1585 987 1658 inde-ut
1011 1584 1096 1646 colli·

185 1674 298 1744 gantur
332 1685 414 1727 vasa.
469 1663 603 1724 Profecti
630 1673 661 1724 et
694 1665 817 1743 agmine
849 1664 1020 1725 incedentes
1054 1665 1096 1726 ad

192 1743 349 1804 dictatoris
370 1750 470 1804 castra
489 1742 522 1803 in
542 1742 775 1804 admirationem
789 1748 820 1801 et
832 1740 932 1820 ipsum
945 1749 977 1802 et
989 1761 1094 1802 omnes

192 1824 246 1904 qui
273 1823 356 1884 circa
382 1831 470 1883 erant
497 1828 721 1885 converterunt.
763 1819 810 1882 Ut
833 1820 999 1882 constituta
1022 1829 1096 1882 sunt

138 1904 178 1968 20
191 1912 263 1965 ante
284 1902 421 1964 tribunal
440 1903 536 1983 signa,
557 1923 612 1982 pro
650 1921 731 1962 essus
754 1909 826 1960 ante
849 1899 926 1961 alios
949 1900 1095 1979 magister

191 1983 338 2063 equitum,
353 2003 422 2044 cum
438 1982 590 2062 ‘patrem’
634 1981 739 2043 abium
759 1979 950 2060 appellasset,
964 1980 1093 2041 circum·

191 2063 332 2143 fusosque
350 2062 484 2122 militum
505 2063 569 2142 ejus
589 2071 687 2123 totum
709 2081 818 2142 agmen
833 2059 1009 2139 ‘patronos'
1024 2080 1094 2120 con·

191 2144 361 2216 salutasset,
376 2148 394 2174 ·‘
405 2141 607 2222 parentibus'’
623 2141 724 2221 inquit
745 2145 763 2172 “
773 2141 855 2213 meis,
869 2140 1011 2214 dictator,
1027 2141 1095 2219 qui·

190 2223 248 2285 bus
268 2233 299 2285 te
319 2223 408 2284 modo
429 2223 560 2296 nomine,
580 2223 662 2303 quod
686 2221 779 2282 fando
801 2240 932 2300 possum,
953 2220 1093 2300 aequavi,

137 2305 177 2368 25
190 2305 288 2367 vitam
308 2312 430 2365 tantum
450 2302 554 2377 debeo,
575 2303 634 2364 tibi
654 2323 724 2363 cum
745 2321 845 2362 meam
864 2300 1004 2374 salutem,
1025 2308 1094 2360 tum

190 2385 328 2445 omnium
342 2383 462 2446 horum.
502 2383 612 2463 Itaque
626 2383 727 2463 plebei
740 2382 860 2456 scitum,
876 2401 936 2460 quo
950 2388 1094 2442 oneratus

184 2483 249 2522 eum
275 2461 371 2541 magis
398 2482 491 2541 quam
517 2461 691 2534 honoratus,
712 2460 827 2541 primus
855 2461 981 2540 antiquo
1008 2461 1095 2522 abro-

184 2562 291 2678 qoque,
312 2562 346 2603 ec
368 2540 463 2621 (quod
485 2543 541 2604 tibi
560 2542 697 2621 mihique
718 2542 828 2621 [quod]
852 2540 1095 2620 exercitibusque

210 2619 235 2678 is
256 2620 325 2693 tuis,
339 2628 460 2681 servato
480 2641 518 2682 ac
538 2619 752 2693 conservatori,
767 2621 807 2680 sit
827 2619 937 2695 felixl)
958 2617 1015 2678 sub
1035 2617 1092 2678 im-

134 2699 175 2763 30
187 2697 306 2778 perium
334 2701 565 2781 auspiciumque
592 2712 680 2764 tuum
708 2701 807 2774 redeo,
836 2708 867 2760 et
899 2699 987 2777 signa
1014 2698 1091 2759 haec

187 2778 374 2858 legionisque
394 2783 530 2843 restituo.
570 2782 627 2857 Tu,
649 2802 770 2862 quaeso,
792 2780 932 2861 placatus
955 2797 1004 2838 me
1027 2797 1092 2837 ma·

187 2859 344 2938 gisterium
359 2862 505 2941 equitum,
520 2864 574 2926 hos
588 2864 709 2926 ordines
729 2882 798 2922 suos
818 2877 969 2940 quemque
988 2865 1093 2918 tenere

187 2939 325 3020 jubeas.”
366 2941 445 3003 Tum
460 2943 587 3006 dextrae
602 2945 812 3023 interjunctae,
827 2939 1008 3017 militesque,
1022 2957 1092 2998 con-

186 3021 270 3082 tione
284 3021 417 3097 dimissa,
425 3024 465 3084 ab
476 3024 556 3086 notis
567 3025 738 3104 ignotisque
748 3021 879 3100 benigne
890 3028 982 3098 atque
992 3016 1093 3097 hospi·

134 3100 174 3162 35
187 3101 290 3165 taliter
299 3102 432 3177 invitati,
440 3105 598 3184 laetusque
609 3104 672 3165 dies
680 3123 720 3164 ex
730 3101 897 3163 admodum
906 3097 986 3160 tristi
997 3097 1093 3177 paulo

186 3191 260 3244 ante
273 3204 310 3245 ac
324 3203 418 3263 prope
431 3183 599 3245 execrabili
612 3184 720 3244 factus.

228 3262 354 3336 Romae,
368 3273 403 3323 ut
417 3272 461 3323 est
474 3263 594 3341 perlata
607 3263 691 3323 fama
704 3260 748 3323 rei
764 3268 875 3341 gestae,
889 3258 961 3320 dein
980 3256 1094 3317 litteris

187 3360 248 3400 non
264 3342 361 3420 magis
374 3341 507 3419 ipsorum
520 3342 738 3420 imperatorum
750 3361 843 3420 quam
853 3340 945 3420 volgo
955 3337 1093 3399 militum

186 3439 226 3478 ex
240 3428 368 3498 utroque
382 3420 519 3480 exercitu
532 3421 704 3495 adfirmata,
717 3441 774 3501 pro
794 3441 826 3482 se
847 3421 975 3500 quisque
990 3417 1094 3478 Maxi-
