2572 3790
132 217 175 282 26
298 235 391 282 n1r1
417 233 595 283 L1V1AB
621 233 736 283 vanu
765 233 957 282 couniri

183 390 283 451 Indici
298 390 407 452 deinde
421 390 558 451 finitimis
572 391 778 470 spectaculum
795 391 892 470 jubet,
928 398 1083 472 uantoque

184 480 335 549 apparatu
356 480 422 531 tum
443 470 579 531 sciebant
600 481 654 531 aut
669 481 809 550 poterant
830 412 1032 546 ooncdlebrat,
1047 480 1084 533 ut

184 570 248 610 rem
262 551 378 611 claram
402 559 669 630 exspectatamque
690 551 812 612 faceret.
827 566 842 602 ⁴
855 551 949 612 Multi
971 561 1083 612 morta·

183 628 227 690 les
251 651 425 704 convenere,
446 630 547 690 studio
571 631 664 691 etiam
687 631 837 692 videndae
863 651 962 693 novae
988 631 1083 706 urbis,

50 699 55 727 ¹
150 709 316 770 bmaxime
343 710 475 789 proximi
503 710 624 852 quiqpe,
649 709 858 784 Caeninenses,
883 712 1083 786 Crustumini,

184 789 401 864 Antemnates3
423 791 515 852 etiam
529 790 570 852 Sa
592 791 712 852 inorum
721 790 818 852 omnis
831 790 999 853 multitudo
1013 811 1082 854 oum

64 902 73 917 a
184 868 288 930 liberis
301 891 338 930 ac
351 871 529 950 conjugibus
543 871 637 932 venit.
678 871 808 933 Invitati
823 871 1016 952 hospitaliter
1029 893 1083 952 per

60 960 65 970 “
183 950 287 1012 domos
312 971 382 1011 cum
405 951 498 1012 situm
522 952 701 1031 moeniaque
723 962 754 1012 et
777 951 967 1031 frequentem
994 953 1084 1013 tectis

183 1031 290 1092 urbem
304 1031 459 1104 vidissent,
475 1031 635 1106 mirantur,
649 1042 713 1092 tam
728 1031 814 1094 brevi
828 1052 894 1092 rem
910 1032 1083 1093 Romanam

13 1109 30 1134 “’
131 1109 170 1172 10
184 1112 321 1173 crevisse
362 1111 427 1174 Ubi
451 1112 617 1192 spectaculi
641 1121 761 1191 tempus
784 1113 879 1187 venit,
903 1111 1084 1192 deditaeque

39 1187 167 1298 *V
184 1212 219 1252 eo
239 1201 354 1253 mentes
375 1211 445 1252 eum
465 1192 560 1254 oculis
581 1202 677 1265 erant,
691 1201 758 1253 tum
775 1213 815 1252 ex
833 1191 998 1272 composito
1016 1201 1084 1252 orta

184 1271 238 1346 vis,
262 1273 408 1352 signoque
432 1272 504 1333 dato
530 1273 670 1335 'uventus
692 1272 834 1334 Romana
860 1273 901 1333 ad
924 1271 1085 1352 rapiendas

184 1352 317 1432 virgines
331 1352 482 1414 discurrit
560 1373 639 1433 agna
653 1374 723 1432 pars
742 1353 829 1426 forte,
844 1353 877 1412 in
891 1372 981 1433 quem
995 1372 1085 1431 quae·

56 1497 60 1502 ,
185 1452 243 1511 que
270 1432 428 1506 inciderat,
452 1441 574 1512 raptae;
602 1434 750 1512 quasdam
777 1433 876 1494 forma
902 1431 1086 1494 excellentes

132 1510 171 1571 15
185 1512 368 1590 primoribus
381 1521 504 1592 patrum
522 1513 686 1574 destinatas
700 1534 740 1574 ex
754 1513 843 1592 plebe
860 1512 1006 1585 homines,
1021 1511 1085 1591 qui-

185 1593 241 1652 bus
255 1592 362 1653 dutum
374 1593 531 1686 negotium
545 1602 620 1667 erat,
633 1593 739 1654 domos
752 1593 938 1654 deferebant.
980 1592 1086 1655 Unam

184 1672 274 1750 longe
294 1681 365 1732 ante
385 1673 462 1734 ahas
481 1673 582 1753 specie
602 1693 639 1734 ac
658 1673 890 1753 pulchritudine
902 1672 1053 1752 insignem
1066 1691 1087 1732 a

108 1758 116 1827 ,²
184 1751 275 1832 globo
298 1752 428 1814 Talassii
450 1753 610 1832 cujusdam
637 1764 760 1832 raptam
785 1753 897 1828 ferunt,
922 1753 1087 1832 multisque

58 1843 107 1920 „J
184 1833 417 1905 sciscitantibus,
446 1833 570 1894 cuinam
597 1853 664 1894 eam
691 1833 815 1920 ferreut
843 1833 1021 1907 identidem,
1047 1851 1087 1892 ne

132 1911 173 1972 20
186 1914 253 1992 quis
267 1913 405 1987 violaret,
419 1912 557 1974 Talassio
569 1912 643 1976 ferri
657 1913 867 1986 clamitatum
882 1913 954 1975 inde
966 1913 1087 1992 nuptia-

185 1993 449 2055 lemhaucvocem
457 1993 580 2054 factam.
621 1993 758 2056 Turbato
769 2015 825 2074 per
834 2003 949 2054 metum
958 1993 1088 2067 ludicro,

185 2074 292 2134 maesti
306 2081 446 2152 parentes
460 2072 617 2154 virginum
635 2075 825 2154 profugiunt,
838 2074 1012 2135 incusantes
1025 2073 1089 2134 vic·

185 2153 242 2214 lati
256 2152 381 2232 hospitii
394 2152 500 2214 foedus
514 2154 665 2233 deumque
678 2155 865 2227 invocantes,
877 2154 962 2233 cujus
977 2152 1017 2212 ad
1030 2151 1089 2212 sol·

185 2233 287 2294 lemue
307 2233 456 2314 ludosque
475 2254 531 2314 per
550 2234 597 2296 fas
617 2253 653 2294 ac
674 2233 767 2296 fidem
787 2233 906 2314 decepti
926 2232 1088 2295 venissent

132 2311 173 2372 25
187 2313 253 2406 Nec
273 2315 368 2393 raptis
389 2323 444 2375 aut
463 2334 530 2394 spes
550 2314 589 2375 de
608 2334 640 2375 se
660 2314 770 2375 melior
789 2324 845 2375 aut
858 2313 1030 2393 indignatio
1043 2319 1091 2374 est

185 2413 293 2455 mmor.
353 2441 356 2448 .

226 2473 285 2535 sed
300 2475 363 2553 ipse
378 2473 529 2535 Romulus
549 2473 731 2537 circumibat
751 2475 951 2554 docebatque,
964 2480 1090 2554 patrum

187 2553 218 2614 id
230 2555 371 2633 superbia
381 2555 508 2628 factum,
517 2555 570 2635 qui
582 2555 748 2617 conubium
758 2555 897 2616 finitimis
910 2562 1089 2634 negassent3

187 2634 258 2694 illas
278 2644 381 2696 tamen
402 2635 436 2696 in
456 2636 662 2710 matrimonio,
679 2637 713 2696 in
732 2637 875 2698 societate
895 2635 1090 2695 fortunarum

134 2712 174 2773 30
188 2714 324 2775 omnium
351 2715 553 2796 civitatisque,
577 2724 617 2790 et,
642 2737 702 2796 quo
729 2714 808 2776 nihil
833 2714 932 2776 carius
954 2715 1091 2778 humano

208 2794 291 2856 eneri
304 2795 352 2870 sit,
366 2796 499 2857 liberum
512 2797 593 2870 fore3
615 2796 771 2858 mollirent
783 2795 873 2856 modo
888 2796 957 2869 iras,
971 2805 1010 2870 et,
1025 2796 1090 2877 qui·

187 2817 246 2936 bus
266 2875 327 2936 fors
347 2897 476 2957 corpora
495 2875 635 2951 dedisset,
656 2877 766 2937 darent
785 2876 920 2949 animos3
940 2895 1029 2954 saepe
1049 2895 1089 2936 ex

188 2955 302 3035 injuria
314 2958 507 3037 postmodum
521 2957 654 3036 gratiam
668 2965 785 3031 ortam;
805 2977 900 3036 eoque
913 2954 1090 3016 melioribus

188 3055 295 3096 usuras
315 3038 399 3111 viris,
420 3037 501 3118 quod
522 3036 683 3098 adnisurus
705 3057 762 3116 pro
785 3057 817 3098 se
839 3037 965 3118 quisque
982 3036 1032 3109 sit,
1045 3043 1090 3109 ut,

136 3114 175 3175 35
190 3136 260 3177 oum
274 3136 361 3178 suam
375 3118 474 3179 vicem
488 3117 612 3178 functus
625 3117 723 3178 officio
737 3117 786 3190 sit,
801 3117 975 3196 parentium
996 3116 1091 3175 etiam

189 3196 368 3276 patriaeque
381 3197 505 3276 expleat
519 3197 712 3258 desiderium.
752 3195 952 3256 Accedebant
972 3194 1091 3256 blandi·

190 3275 252 3336 tiae
275 3277 421 3349 virorum,
444 3277 560 3336 factum
606 3276 782 3354 urgantium
808 3274 976 3354 cupiditate
999 3283 1092 3354 atqua

191 3375 303 3430 amore,
317 3378 395 3437 quae
415 3356 549 3416 maxime
562 3297 605 3416 ad
616 3353 765 3417 muliebre
779 3355 936 3436 ingenium
956 3354 1091 3416 efficaces

190 3455 294 3516 preces
306 3446 386 3500 sunt

664 3610 692 3648 Ὺ
