2628 3796
407 265 541 313 mann
565 264 766 331 xxxvnr,
790 246 919 312 51-52.
1104 245 1168 313 217

212 423 370 486 hominum
382 431 412 482 et
422 421 631 483 aestimatione
641 441 732 483 verae
742 419 962 500 magnitudinis
972 419 1036 500 ejus
1046 417 1115 493 fuit,

213 522 378 583 quamquo
398 502 591 580 triumphans
612 501 650 560 de
670 501 810 581 Syphace
830 520 899 580 rege
913 509 943 562 et
956 499 1116 579 Carthagi·

211 582 366 644 niensibus
379 581 486 642 urbem
500 591 545 641 est
558 582 704 643 invectus.

252 662 326 723 LIL
366 661 431 722 Hic
451 660 601 740 speciosus
622 659 748 720 ultimus
772 659 836 721 dies
860 658 895 720 P.
916 658 1051 738 Scipioni
1071 659 1116 720 in·

212 741 311 815 luxit;
340 750 518 822 postquem
544 759 613 801 cum
635 739 784 801 invidiam
806 748 837 800 et
858 739 1026 800 certamina
1046 759 1115 799 cum
1150 741 1169 801 δ

211 822 343 884 tribunis
356 822 548 901 prospiceret,
562 819 612 880 die
625 819 763 900 longiore
775 819 924 898 prodicta,
938 819 970 878 in
985 818 1116 879 Literni·

211 922 285 962 num
300 903 445 962 concessit
458 909 540 962 certo
554 898 689 973 consilio,
702 919 741 960 ne
761 898 801 959 ad
820 919 942 960 causam
956 898 1116 959 dicendam

211 982 337 1043 adesset.
379 981 480 1061 Major
500 979 620 1041 animus
633 988 665 1040 et
677 988 790 1040 natura
807 987 873 1040 erat
886 999 923 1040 ac
937 978 1044 1058 majori
1059 978 1117 1038 for·

211 1070 306 1123 tunae
318 1061 469 1134 adsuetus,
483 1080 576 1140 quam
588 1069 625 1122 ut
636 1079 706 1122 reus
720 1079 782 1120 esse
793 1060 883 1120 sciret
896 1068 927 1119 et
939 1059 1117 1120 submittere

211 1162 243 1202 se
256 1143 289 1202 in
303 1141 510 1202 humilitatem
523 1161 646 1202 causam
660 1139 836 1200 dicentium.
878 1139 943 1202 Ubi
957 1140 1022 1200 dies
1032 1139 1117 1202 venit
1131 1141 1170 1203 10

211 1222 360 1300 citarique
370 1221 477 1282 absens
491 1230 536 1283 est
549 1230 682 1300 coeptus,
692 1220 729 1281 L.
741 1220 843 1299 Scipio
856 1220 996 1280 morbum
1008 1240 1117 1281 causae

211 1321 282 1375 esse,
310 1321 365 1361 cur
390 1301 515 1375 abesset,
542 1301 717 1362 excusabat.
760 1301 863 1378 Quam
890 1300 1117 1362 excusationem

211 1401 282 1442 cum
296 1381 420 1454 tribuni,
434 1381 487 1462 qui
501 1381 581 1442 diem
596 1381 747 1456 dixerant,
763 1401 823 1441 non
837 1381 1018 1460 acciperent,
1033 1389 1064 1441 et
1077 1379 1116 1440 ab

210 1461 316 1522 eadem
327 1461 469 1541 superbia
483 1481 543 1524 non
555 1462 659 1524 venire
672 1461 711 1521 ad
723 1481 845 1522 causam
857 1461 1018 1521 dicendam
1029 1480 1117 1539 argu·

210 1550 305 1615 erent,
320 1561 380 1620 qua
395 1542 548 1621 judicium
567 1549 598 1602 et
617 1541 755 1602 tribunos
776 1541 874 1622 plebis
894 1550 925 1602 et
946 1541 1116 1602 contionem
1132 1542 1170 1603 15

210 1621 389 1700 reliquisset,
403 1631 442 1694 et,
457 1621 567 1700 quibus
583 1622 635 1701 jus
649 1622 816 1684 sententiae
830 1622 868 1682 de
881 1642 913 1682 se
927 1620 1072 1682 dicendae
1087 1630 1118 1682 et

210 1701 382 1762 libertatem
396 1701 565 1775 ademisset,
580 1701 626 1762 bis
641 1703 811 1775 comitatus,
826 1702 912 1764 velut
932 1711 1036 1781 captos
1056 1710 1117 1762 tra-

210 1781 294 1854 hens,
309 1780 499 1860 triumphum
513 1781 552 1841 de
566 1781 679 1860 populo
696 1782 836 1843 Romano
850 1783 966 1862 egisset,
980 1783 1117 1843 secessio-

210 1861 499 2020 ¹¹⁰liiiiisdiig³i
509 1860 697 2004 britti
711 1862 1117 2020 tit¹3¹¹dttbllf⁰⁰ttt
1131 1946 1171 2009 20

209 2020 289 2081 duce
299 2030 330 2081 et
340 2030 463 2082 auctore
473 2041 528 2082 nos
539 2021 710 2101 reliquistis,
723 2022 762 2084 ab
773 2044 808 2084 ec
817 2023 875 2103 ipsi
885 2023 983 2086 relicti
995 2023 1075 2096 estis,
1086 2032 1117 2085 et

210 2109 332 2162 tantum
346 2101 517 2185 animorum
531 2101 562 2162 in
572 2102 637 2162 dies
650 2103 739 2164 nobis
754 2103 909 2177 decrescit,
921 2112 964 2174 ut,
976 2103 1014 2164 ad
1026 2123 1117 2183 quem

210 2188 282 2241 ante
305 2200 401 2241 annos
424 2182 647 2260 septemdecim,
670 2184 837 2244 exercitum
861 2193 892 2243 et
916 2183 1040 2244 classem
1065 2183 1118 2242 ha-

211 2259 342 2333 bentem,
363 2260 502 2322 tribunos
523 2261 621 2340 plebis
642 2263 831 2342 aedilemque
851 2264 971 2324 mittere
992 2264 1023 2323 in
1045 2262 1117 2324 Sici-

210 2339 286 2400 liam
313 2341 379 2400 ausi
406 2361 518 2414 sumus,
542 2341 594 2421 qui
623 2342 805 2421 prenderent
831 2363 900 2403 eum
928 2351 959 2406 et
987 2342 1116 2403 Romam
1131 2344 1170 2405 25

211 2420 398 2494 reducerent,
423 2420 463 2481 ad
491 2441 559 2481 eum
587 2423 742 2500 privatum
769 2443 808 2483 ex
832 2422 910 2484 villa
935 2442 991 2482 sua
1018 2430 1117 2482 extra-

211 2499 346 2560 hendum
360 2500 400 2560 ad
415 2520 535 2561 causam
551 2501 713 2562 dicendam
725 2502 845 2563 mittere
854 2523 915 2562 non
927 2501 1092 2563 audeamus
1099 2502 1116 2528 ''

211 2611 261 2653 ·-,
275 2579 390 2640 tribuni
407 2580 505 2659 plebis
525 2581 672 2660 adpellati
694 2581 733 2642 ab
754 2582 791 2642 L.
806 2582 946 2662 Scipione
959 2582 1004 2642 ita
1017 2582 1117 2643 decie-

213 2668 332 2732 verunt‚
342 2661 367 2720 si
382 2659 479 2720 morbi
495 2680 586 2720 causa
599 2671 805 2735 excusaretur,
816 2662 874 2724 sibi
888 2662 1009 2742 placere
1019 2663 1118 2742 accipi

212 2758 280 2799 eam
294 2759 414 2800 causam
429 2740 570 2819 diemque
590 2741 630 2802 ab
651 2741 775 2821 collegis
796 2742 922 2820 prodici.
963 2741 1117 2804 Tribunus
1132 2744 1171 2806 30

212 2818 310 2912 plebis
331 2840 365 2880 eo
385 2828 520 2900 tempore
538 2820 583 2882 Ti.
598 2820 795 2900 Sempronius
808 2821 1054 2894 Gracchus-erat,
1069 2823 1118 2884 oui

212 2898 390 2960 inimicitiae
410 2920 480 2960 cum
501 2900 535 2961 P.
556 2900 698 2981 Scipione
718 2901 954 2964 intercedebant.
996 2901 1028 2963 Is
1048 2923 1118 2963 cum

212 2979 357 3041 vetuisset
377 2999 487 3041 nomen
509 3000 598 3042 suum
620 2981 741 3042 decreto
764 2982 951 3060 collegarum
976 2981 1117 3056 adscribi,

212 3058 435 3138 tristioremque
454 3080 557 3121 omnes
576 3062 757 3122 sententiam
778 3069 997 3140 exspectarent,
1012 3063 1056 3122 ita
1068 3062 1118 3122 de-

212 3139 318 3212 crevit,
333 3159 404 3200 cum
423 3139 460 3200 L.
475 3139 577 3219 Scipio
591 3149 764 3202 excusasset
780 3140 920 3201 morbum
934 3161 996 3201 esse
1010 3161 1119 3201 musae
1132 3142 1171 3202 35

212 3217 310 3290 fratri,
321 3219 393 3279 satis
408 3219 440 3278 id
453 3219 511 3279 sibi
524 3219 637 3281 videri:
652 3241 684 3281 se
697 3221 732 3282 P.
743 3220 926 3299 Scipionem,
941 3221 1117 3299 priusquam

212 3297 344 3358 Romam
357 3299 489 3372 redisset,
501 3300 637 3360 accusari
647 3319 708 3361 non
723 3319 898 3378 passurum;
912 3309 978 3359 tum
989 3318 1117 3376 quoque,
1174 3320 1177 3326 ¹

210 3377 237 3436 si
255 3397 287 3437 se
307 3377 450 3456 adpellet,
465 3379 582 3439 auxilio
603 3379 631 3439 ei
652 3380 800 3450 futurum,
814 3399 852 3438 ne
873 3397 996 3438 causam
1018 3375 1117 3444 dicat;

210 3455 294 3517 adid
305 3457 463 3538 fastigium
477 3457 567 3519 rebus
580 3458 681 3537 gestis,
692 3456 856 3519 honoribus
867 3454 975 3534 populi
985 3451 1116 3511 Romani
