2572 3790
108 227 155 292 44
280 243 370 291 rrrr
396 244 492 294 n1v1
517 244 573 291 sn
599 245 714 293 vana
743 245 935 293 counrrn

164 404 182 433 “
190 399 306 473 Lictor,
315 399 436 480 conliga
446 400 582 460 manus.”
618 400 796 462 Accesserat
807 400 897 464 lictor
906 403 1063 465 iniciebat·

164 499 223 560 que
251 479 403 619 laspueum.
444 479 523 540 Tum
551 479 710 554 Horatius,
731 491 856 542 auctore
882 482 983 556 Tullo,
1006 483 1064 544 cle

163 568 265 619 mente
304 558 367 638 egis
394 559 568 638 interprete,
594 560 780 639 “provoco''
804 562 914 643 inquit.
955 563 1065 644 Itaque

164 637 378 719 provocatione
392 648 541 700 certatum
555 640 595 700 ad
609 639 757 720 populum
771 651 824 704 est.

131 719 150 780 5
204 717 285 778 Moti
305 717 441 779 homines
461 718 587 779 suntin
607 719 776 800 sejudicio
797 722 933 784 maxime
953 722 1064 784 Publio

164 798 297 858 Horatio
325 806 412 878 patre
438 798 656 878 proclamante,
681 821 712 860 se
739 801 835 862 tiliam
855 803 926 882 jure
947 823 1065 864 caesam

165 877 322 959 judicarc;
343 877 376 937 ni
396 877 441 938 ita
460 888 545 951 esset,
560 879 662 959 patrio
677 880 749 959 jure
762 881 795 942 in
809 881 909 942 filium
929 881 1066 944 animad-

165 978 323 1021 versurum
337 956 437 1020 fuisse.
479 958 598 1021 Orabat
619 959 737 1033 deinde,
751 981 790 1022 ue
809 982 850 1035 se,
885 982 953 1022 uem
973 961 1066 1041 paulo

165 1047 237 1099 ante
251 1059 352 1099 cume
373 1038 457 1118 regia
476 1039 570 1118 stirpe
592 1041 825 1120 conspexissent,
840 1063 874 1102 or
897 1062 948 1102 um
964 1041 1067 1102 liberis

113 1118 152 1180 10
165 1119 309 1180 facerent
345 1059 433 1179 lgnter
442 1118 517 1180 haec
531 1140 624 1180 senex
633 1121 778 1200 juvenem
792 1120 962 1201 amplexus,
970 1119 1068 1201 spolia

104 1213 113 1234 ¹
165 1198 372 1260 Curiatiorum
386 1199 449 1260 fixa
462 1220 497 1260 eo
510 1199 587 1273 loco,
602 1200 655 1280 qui
675 1221 758 1262 nnnc
778 1201 843 1282 pila
862 1201 997 1262 Horatia
1016 1222 1035 1262 a

165 1279 309 1359 pellatur,
324 1287 485 1353 ostentans,
502 1279 692 1354 “huncine''
706 1281 818 1354 aicbat,
840 1286 857 1313 ‘⁸
867 1302 957 1361 quem
977 1302 1027 1342 mo
1050 1301 1068 1342 o

165 1359 342 1420 decoratum
363 1369 565 1439 ovantemque
578 1360 711 1423 victoria
731 1361 922 1422 incedentem
938 1361 1068 1435 vidistis,

166 1439 313 1516 Quirites,
337 1460 406 1500 eum
429 1438 486 1502 sub
510 1443 598 1500 furca
621 1441 759 1503 vinctum
783 1442 864 1503 inter
885 1441 1015 1504 verbera
1038 1449 1068 1502 et

113 1517 153 1578 15
166 1520 319 1582 cruciatus
332 1519 436 1582 videre
450 1520 595 1600 potastis?
608 1520 689 1601 quod
703 1522 759 1584 vix
773 1520 969 1583 Albanorum
987 1519 1069 1582 oculi

165 1609 229 1662 tam
257 1599 391 1662 deforme
417 1601 625 1681 spectaculum
645 1602 724 1663 ferro
743 1611 873 1681 possent
922 1599 949 1674 I,
969 1600 1069 1674 lictor,

167 1679 289 1759 conliga
308 1701 426 1754 manus,
447 1701 526 1760 quae
545 1680 638 1760 paulo
658 1690 730 1742 ante
750 1691 888 1742 armatae
907 1681 1070 1762 imperium

166 1759 280 1840 populo
298 1760 438 1822 Romano
458 1770 648 1841 pepererunt,
664 1760 684 1832 i,
706 1769 800 1841 caput
820 1761 942 1823 obnube
961 1761 1071 1822 libera·

167 1840 242 1902 toris
267 1840 351 1901 urbis
374 1841 475 1921 hujus,
495 1841 604 1902 arbore
621 1840 739 1902 infelici
762 1841 921 1922 suspende,
942 1841 1070 1904 verbera

114 1921 153 1983 20
167 1920 218 1982 vel
241 1919 324 1981 intra
347 1921 527 2000 pomerium,
547 1921 638 1982 modo
658 1922 740 1982 inter
759 1921 816 1983 illa
836 1922 902 2001 pila
922 1930 953 1984 et
972 1920 1071 2001 spolia

166 2000 383 2074 hostium,ch
406 2011 496 2062 extra
519 2002 698 2081 pomerium,
718 2001 807 2062 modo
827 2002 908 2062 inter
930 2001 1071 2082 sepulcra

168 2081 382 2143 Curiatiorum.
424 2082 495 2160 Quo
516 2081 598 2142 enim
619 2081 729 2143 ducere
750 2082 834 2143 hunc
854 2083 999 2162 juvenem
1020 2103 1071 2162 po·

168 2161 262 2234 testis,
275 2161 329 2222 ubi
343 2182 404 2222 non
422 2183 479 2224 sua
493 2163 604 2224 decora
617 2182 688 2224 aum
701 2182 721 2224 a
733 2171 823 2224 tanta
836 2161 982 2224 foeditate
1002 2183 1071 2244 sup·

166 2241 253 2323 plicii
266 2242 424 2304 vindicent
432 2244 445 2305 i
453 2243 471 2270 ''

115 2323 155 2384 25
208 2323 279 2384 Non
300 2321 373 2384 tulit
393 2323 524 2403 populus
543 2344 600 2384 nec
620 2323 717 2404 patris
737 2323 881 2384 lacrimas
901 2344 958 2385 nec
975 2323 1070 2404 ipsius

168 2423 274 2483 parem
298 2402 330 2462 in
354 2404 437 2464 omni
463 2403 601 2484 periculo
628 2405 785 2479 animum;
803 2404 1070 2483 absolveruntque,

168 2483 370 2544 admiratione
378 2485 474 2563 magis
485 2485 609 2548 virtutis
620 2506 711 2565 quam
717 2485 788 2565 jure
799 2505 916 2546 causae.
952 2484 1070 2562 Itaque,

168 2572 204 2623 ut
227 2563 332 2624 caedes
354 2565 516 2626 manifesta
536 2563 639 2645 aliquo
659 2574 764 2626 tamen
784 2565 907 2645 piaculo
926 2564 1070 2638 lueretur,

169 2642 351 2722 imperatum
366 2645 457 2723 patri,
471 2654 507 2706 ut
520 2645 619 2705 filium
637 2646 778 2725 expiaret
791 2645 922 2724 pecunia
936 2643 1069 2722 publica.

116 2722 156 2784 30
170 2723 210 2796 Is,
259 2723 421 2784 uibusdam
447 2725 656 2804 piacularibus
683 2725 838 2786 sacrificiis
865 2724 965 2797 factis,
993 2743 1071 2803 quae

5 2805 6 2812 ’
169 2744 280 2865 deiude
303 2803 388 2882 genti
411 2803 562 2865 Horatiae
585 2805 701 2866 tradita
720 2813 801 2878 sunt,
821 2804 996 2865 transmisso
1017 2823 1072 2882 per

168 2884 253 2946 viam
274 2882 384 2962 tigillo,
398 2885 498 2963 capite
517 2885 665 2965 adoperto
680 2884 767 2945 velut
787 2882 843 2964 sub
860 2884 971 2963 jugum
988 2882 1072 2944 misit

170 2964 324 3044 juvenem.
366 2961 405 3024 Id
419 2964 510 3025 hodie
544 2984 642 3044 uoque
656 2961 779 3044 publice
792 2984 910 3042 semper
923 2961 1071 3024 refectum

169 3052 287 3105 manet:
309 3044 458 3104 sororium
478 2985 614 3122 tigillum
635 3053 756 3105 vocant.
798 3042 950 3104 Horatiae
972 3043 1071 3122 sepul·

5 3147 6 3176 t
116 3124 155 3184 35
169 3143 265 3197 crum,
278 3144 338 3202 quo
358 3122 426 3184 loco
446 3133 602 3185 corruerat
622 3124 693 3199 icta,
709 3132 917 3185 constructum
934 3131 980 3186 est
995 3143 1070 3184 saxo

169 3203 326 3282 quadrato,

106 3305 110 3312 ·
209 3281 357 3344 XXVII.
397 3280 464 3343 Neo
485 3283 539 3343 diu
559 3305 623 3363 pax
635 3282 762 3344 Albana
781 3285 902 3345 mansit.
944 3283 1071 3347 Invidia
1178 3353 1190 3360 .

168 3360 265 3440 vulgi,
276 3362 357 3440 quod
370 3363 469 3423 tribus
484 3363 632 3425 militibus
645 3365 769 3424 fortuna
783 3365 907 3443 publica
922 3364 1071 3424 conmissa

169 3440 279 3515 fuerat,
294 3463 408 3504 vanum
428 3444 585 3523 ingenium
606 3445 764 3505 dictatoris
784 3445 929 3523 corrupit,
944 3452 984 3518 et,
999 3463 1070 3525 quo-
