2616 3790
125 146 190 213 152
299 162 389 209 rrrr
415 161 511 210 nrvr
537 160 593 208 sn
618 160 733 209 vnnn
761 158 954 208 connrrr

177 339 276 399 neque
289 317 494 380 desideratum
507 337 564 378 nec
578 315 763 390 adhibitum,
778 314 957 378 dictatorem
978 316 1079 378 dicen·

178 401 262 472 dum,
283 398 393 460 civitas
414 397 570 476 confugit;
594 406 624 456 et
646 397 719 476 quia
742 405 773 457 et
795 395 899 458 consul
923 397 1038 470 aberat,
1060 415 1080 456 a

178 500 238 559 quo
263 499 324 538 uno
348 477 411 538 dici
434 497 521 616 plesse
541 476 715 550 videbatur,
738 496 795 537 nec
819 496 874 556 per
898 485 1079 557 occupatam

178 559 271 620 armis
293 557 418 618 Punicis
461 557 570 618 taliam
593 556 684 617 facile
705 565 772 617 erat
791 565 846 618 aut
866 557 1009 618 nuntium
1025 565 1081 617 aut

28 696 32 702 .
145 640 297 703 blitteras
317 637 409 711 mitti,
424 657 480 698 nec
495 636 674 698 dictatorem
689 635 820 715 populus
835 656 938 697 creare
950 645 1081 718 poterat,

178 719 260 799 quod
274 738 441 797 numquam
462 725 534 778 ante
554 735 622 776 eam
640 716 722 776 diem
738 715 855 776 factum
874 724 948 789 erat,
963 717 1082 797 prodic-

178 808 309 862 tatorem
332 797 463 878 populus
486 796 604 858 creavit
627 795 667 872 Q.
693 795 826 858 Fabium
850 795 1025 857 Maximum
1050 805 1082 857 et

178 880 359 960 magistrum
383 877 521 957 equitum
544 875 588 936 M.
613 875 786 936 Minucium
811 875 946 948 Rufum
974 876 1082 955 hisque

179 961 335 1040 negotium
349 958 388 1019 ab
402 967 510 1018 senatu
525 956 641 1028 datum,
656 963 691 1016 ut
704 975 806 1016 muros
827 963 984 1034 turresque
998 956 1083 1016 urbis

127 1040 166 1103 10
179 1041 344 1111 firmarent,
358 1046 389 1098 et
402 1037 554 1117 praesidia
568 1036 771 1114 disponerent,
787 1035 897 1114 quibus
911 1035 986 1096 locis
1000 1035 1083 1096 vide·

178 1130 271 1192 retur,
287 1128 452 1197 pontesque
466 1116 671 1178 rescinderent
685 1115 864 1176 fluminum:
886 1136 942 1195 pro
957 1115 1032 1176 urbe
1046 1136 1083 1176 ac

178 1199 340 1280 penatibus
368 1197 576 1259 dimicandum
605 1216 676 1270 esse,
700 1195 824 1276 quando
848 1195 975 1259 Italiam
1003 1197 1083 1256 tueri

179 1281 361 1341 uenissent

218 1301 280 1421 lX.
322 1358 484 1419 Hannibal
504 1365 587 1418 recto
607 1356 718 1419 itinere
733 1378 788 1438 per
805 1357 969 1421 Umbriam
988 1378 1084 1438 usque

127 1442 166 1504 15
180 1441 220 1502 ad
244 1440 414 1520 Spoletium
436 1438 530 1500 venit
573 1438 659 1512 Inde,
682 1458 753 1498 cum
781 1439 981 1518 perpopulato
1009 1458 1084 1517 agro

179 1521 285 1583 urbem
311 1539 488 1600 oppugnare
512 1519 637 1580 adortus
661 1527 745 1592 esset,
766 1539 837 1580 cum
857 1538 971 1598 magna
991 1518 1084 1580 caede

178 1622 302 1662 suorum
317 1599 464 1679 repulsus,
479 1599 651 1679 conjectans
672 1619 712 1658 ex
732 1599 822 1659 unius
843 1598 981 1660 coloniae
999 1598 1084 1659 baud

179 1682 270 1742 nimis
289 1700 430 1760 prospere
448 1688 616 1759 temptatae
629 1678 756 1753 viribus,
771 1687 889 1758 quanta
909 1679 1002 1740 moles
1024 1680 1085 1739 Ro·

180 1781 289 1821 manas
312 1760 396 1820 urbis
420 1768 505 1832 esset,
523 1759 556 1819 in
576 1779 685 1838 agrum
707 1758 855 1819 Picenum
879 1759 992 1822 avertit
1015 1759 1084 1832 iter,

127 1841 167 1903 20
180 1863 242 1903 non
257 1841 344 1920 copia
357 1840 456 1900 solum
470 1840 568 1901 omnis
586 1840 705 1919 generis
724 1839 848 1919 frugum
865 1840 1083 1913 abundantem,

180 1922 230 1982 sed
247 1922 391 1982 refertum
405 1920 528 2000 pracda,
544 1940 635 2000 quam
651 1921 743 1982 effuse
757 1919 841 1982 avidi
857 1929 950 2000 atque
963 1928 1084 2000 egentes

180 2001 349 2082 rapiebant.
392 2000 442 2061 Ibi
464 2021 518 2080 per
540 2001 604 2061 dies
626 2000 746 2080 aliquot
767 2001 880 2064 stativa
902 2001 1019 2074 habita,
1040 2021 1085 2060 re·

181 2083 337 2161 fectusque
361 2082 447 2142 miles
471 2081 606 2142 hibernis
632 2081 791 2143 itineribus
816 2103 853 2142 ac
877 2081 1007 2162 palustri
1031 2081 1085 2142 via

181 2163 355 2244 proelioque
369 2162 466 2242 magis
480 2161 519 2222 ad
534 2170 675 2225 eventum
697 2163 829 2224 secundo
843 2183 935 2242 quam
950 2162 1012 2224 levi
1028 2170 1085 2222 aut

128 2243 167 2305 25
181 2244 267 2305 facili
285 2243 429 2305 adfectus.
471 2242 536 2304 Ubi
558 2243 631 2304 satis
653 2243 762 2322 quietis
784 2244 892 2304 datum
912 2243 1027 2323 praeda
1047 2263 1084 2302 ac

175 2323 430 2464 populationibus
445 2324 541 2402 magis
555 2343 648 2403 quam
665 2324 726 2384 otio
740 2333 795 2385 aut
807 2325 911 2404 requie
924 2323 1085 2404 gaudenti-

199 2424 242 2475 us,
263 2403 415 2482 profectus
435 2403 667 2463 Praetutianum
687 2401 939 2483 Hadrianumque
966 2424 1086 2483 agrum,

175 2481 293 2542 Marsos
320 2482 392 2542 inde
418 2482 668 2561 Marrucinosque
699 2490 729 2541 et
757 2481 919 2560 Paelignos
946 2482 1086 2543 devastat

181 2561 322 2639 circaque
336 2561 438 2640 Arpos
458 2569 488 2621 et
508 2561 671 2622 Luceriam
714 2565 865 2622 roximam
884 2560 1019 2641 Apuliae
1039 2580 1085 2620 re-

128 2641 168 2703 30
181 2641 310 2720 gionem.
353 2640 408 2701 Cn.
430 2640 579 2702 Servilius
600 2580 715 2712 consul,
728 2640 848 2702 levibus
868 2641 992 2720 proeliis
1013 2660 1083 2700 curn

181 2720 282 2782 Gallis
303 2720 391 2782 factis
404 2730 435 2781 et
449 2741 511 2781 uno
525 2720 637 2800 oppido
654 2719 783 2798 ignobili
804 2730 989 2800 expugnato,
1004 2729 1084 2799 post·

181 2821 274 2880 quam
298 2800 337 2861 de
359 2800 493 2880 collegae
517 2800 729 2880 exercitusque
753 2799 845 2860 caede
869 2801 997 2873 audivit,
1016 2801 1084 2879 jam

181 2879 339 2942 moenibus
360 2881 478 2959 patriae
500 2889 646 2953 metuens,
661 2901 700 2940 ne
719 2879 836 2940 abesset
856 2880 888 2940 in
909 2879 1085 2942 discrimine

180 2971 327 3034 extrem0,
342 2960 381 3021 ad
396 2959 503 3020 urbem
517 2960 576 3020 iter
589 2959 729 3020 intendit.

128 3044 168 3106 35
222 3042 261 3119 Q.
293 3041 408 3102 Fabius
442 3039 600 3100 Maximus
633 3039 765 3100 dictator
794 3038 916 3112 iterum,
944 3059 1004 3118 quo
1035 3039 1086 3100 die

181 3122 394 3200 magistratum
412 3119 491 3191 iniit,
506 3125 615 3180 vocato
634 3129 750 3192 senatu,
765 3117 804 3179 ab
822 3119 881 3180 diis
899 3139 993 3192 orsus,
1015 3139 1086 3179 cum

182 3202 350 3261 edocuisset
377 3206 487 3277 patres,
515 3199 583 3276 plus
611 3198 803 3276 neglegentia
831 3200 1086 3260 caerimoniarum

182 3279 447 3359 auspiciorumque
463 3297 556 3355 quam
573 3278 743 3338 temeritate
763 3287 855 3358 atque
876 3279 997 3340 inscitia
1019 3299 1086 3359 pec·

183 3368 285 3420 catum
306 3379 326 3418 a
346 3357 380 3418 O.
402 3356 556 3416 Flaminio
578 3356 701 3417 consule
721 3377 792 3431 esse,
807 3380 944 3439 quaeque
961 3359 1087 3440 piacula
