2572 3790
367 815 596 911 alul
665 819 897 919 LIVI

418 1039 840 1112 Anvnnnoounns

478 1247 598 1298 LIBER
616 1249 772 1303 PRIMVS.

518 1400 731 1444 *⁰08⁰*-

174 1601 183 1618 .
215 1520 242 1585 L
283 1520 358 1592 Jau
370 1524 504 1606 primum
514 1527 650 1588 omnium
661 1528 734 1591 satis
748 1538 877 1605 constat,
886 1530 980 1613 Troja
990 1543 1081 1615 capla

172 1621 208 1664 m
233 1611 348 1666 ceteros
373 1606 523 1668 saevitum
547 1627 610 1668 esse
633 1607 787 1682 Tro'anos,
808 1610 936 1686 duobus,
957 1613 1081 1678 Aeneae

173 1681 395 1764 Antenorique,
416 1693 446 1746 et
466 1687 579 1748 vetusti
597 1688 669 1767 jure
690 1629 817 1769 bospitii
844 1700 875 1752 et
899 1693 972 1771 quia
995 1695 1080 1774 pacis

172 1761 309 1824 reddend
366 1785 404 1825 ue
417 1764 555 1827 Helenae
568 1787 686 1862 semper
699 1777 836 1830 auctores
847 1771 980 1847 fuerunt,
991 1794 1080 1838 omne

177 1845 228 1925 jue
249 1842 324 1905 belli
377 1845 481 1908 chivos
501 1846 698 1921 abstinuisse3
720 1849 839 1912 casibus
860 1852 969 1914 deinde
982 1855 1075 1918 variis
1111 1858 1132 1920 5

171 1923 362 1986 Antenorem
384 1945 455 1986 cum
476 1926 674 1988 multitudine
696 1927 840 2004 Enetdm,
858 1934 912 2013 qui
932 1934 1079 1998 seditione

171 2027 212 2067 ex
226 2005 440 2088 Paphlagonia
453 2006 533 2086 pulsi
548 2017 579 2069 et
592 2008 675 2069 sedes
695 2017 726 2072 et
746 2010 865 2087 ducem,
879 2034 950 2094 rege
969 2014 1077 2096 Pylae-

170 2106 260 2147 mene
273 2086 313 2148 ad
328 2086 450 2167 Trojam
473 2089 590 2162 amisso,
604 2090 800 2168 quaerebant,
814 2094 930 2156 venisse
953 2095 986 2156 in
1008 2096 1078 2157 inti-

170 2187 256 2228 mum
270 2166 425 2229 Adriatici
445 2169 538 2230 maris
558 2170 669 2243 sinum,
684 2171 908 2253 Euganeisque,
922 2175 975 2255 qui
996 2175 1077 2238 inter

169 2267 254 2308 mare
268 2248 423 2330 Alpesque
437 2248 619 2323 incolebant,
635 2251 730 2330 pulsis
744 2251 858 2314 Enetos
871 2253 1077 2336 Trojanosque
1091 2257 1131 2321 10

168 2348 219 2389 eas
233 2330 365 2391 tenuisse
385 2339 488 2392 terras.
530 2330 573 2391 Et
593 2331 625 2390 in
646 2352 736 2411 quem
756 2333 855 2412 primo
875 2336 985 2413 egressi
1005 2345 1077 2398 sunt

168 2406 281 2485 locum,
298 2410 390 2491 Troja
403 2421 540 2484 vocatur,
562 2432 701 2492 pagoque
721 2411 852 2491 'l'rojano
873 2413 945 2475 inde
965 2435 1076 2477 nomen

167 2499 222 2564 est,
250 2513 323 2572 gens
350 2493 493 2554 universa
520 2491 634 2553 Veneti
661 2493 818 2572 appellati.
867 2492 1005 2554 Aeneam
1034 2495 1075 2557 ab

125 2629 131 2638 ,
166 2570 262 2633 simili
282 2573 369 2634 clade
389 2573 479 2634 domo
500 2572 673 2652 profugum,
694 2572 746 2633 sed
771 2572 811 2632 ad
833 2574 950 2653 majora
973 2595 1074 2636 rerum

166 2651 258 2714 initia
271 2653 452 2714 ducentibus
466 2653 545 2726 fatis,
561 2653 659 2732 primo
673 2653 703 2712 in
719 2651 934 2720 Macedoniam
946 2656 1073 2729 venisse,
1089 2656 1129 2718 15

166 2731 239 2794 inde
252 2734 285 2794 in
299 2734 437 2795 Siciliam
448 2741 642 2813 quaerentem
655 2732 739 2793 sedes
753 2731 900 2807 delatum,
912 2732 951 2795 ab
966 2734 1074 2796 Sicilia

166 2811 262 2876 classe
275 2815 315 2876 ad
330 2814 515 2876 Laurentem
530 2834 638 2893 agrum
658 2813 797 2874 tenuisse.
839 2812 931 2893 'Iboja
951 2821 982 2875 et
1001 2815 1074 2876 huic

164 2890 233 2955 loco
255 2915 364 2956 nornen
387 2903 439 2956 est.
482 2892 533 2955 Ibi
554 2894 663 2974 egressi
686 2892 820 2972 Trojani,
844 2903 880 2954 ut
900 2892 1010 2974 quibus
1033 2895 1072 2957 ab

165 2971 301 3036 inmenso
325 2995 419 3055 prope
442 2993 543 3035 errore
567 2972 646 3033 nihil
671 2983 792 3052 praeter
815 2993 902 3035 arma
925 2982 956 3036 et
979 2994 1072 3037 naves

163 3063 340 3134 superesset,
360 3075 429 3115 oum
452 3053 597 3134 praedam
619 3073 658 3114 ex
681 3053 762 3132 agris
783 3062 917 3132 agerent,
940 3054 1071 3116 Latinus
1087 3058 1126 3120 20

163 3153 220 3193 rex
243 3132 497 3214 Aboriginesque,
522 3134 665 3213 quitum
693 3153 729 3193 ea
756 3132 902 3196 tenebant
929 3132 1006 3208 loca,
1031 3136 1071 3196 ad

162 3214 327 3274 arcendam
354 3214 418 3276 vim
453 3212 641 3275 advenarum
669 3213 781 3273 armati
808 3233 848 3272 ex
876 3213 952 3274 urbe
978 3223 1072 3294 atque

162 3294 244 3372 agris
266 3302 460 3355 concurrunt.

203 3372 330 3454 Duplex
351 3373 423 3433 inde
443 3372 526 3433 fama
547 3380 599 3431 est.
641 3370 709 3431 Alii
723 3370 839 3449 proelio
851 3371 970 3430 ¹victum
985 3371 1069 3429 Lati-

160 3471 237 3513 num
251 3473 357 3532 pacem
377 3472 447 3512 cum
461 3450 578 3534 Aenea,
592 3449 702 3509 deinde
722 3448 913 3508 adfinitatem
929 3447 1069 3525 junxisse
1084 3447 1123 3506 25

262 3547 398 3608 2-Livy.
959 3538 989 3586 17
