2572 3790
133 199 176 268 20
308 219 398 266 nrnr
423 219 520 267 n1v1
542 218 598 267 As
621 220 737 269 vnce
765 220 958 269 connrrs

185 383 277 449 ortus,
289 374 374 437 Alba
384 375 473 455 Atys,
486 376 569 456 Atye
582 377 648 456 Cap
670 397 692 449 s,
704 375 809 457 Capye
819 376 961 458 Capetus,
972 375 1087 458 Capeto

184 455 354 529 Tiberinus,
369 456 422 535 qui
443 456 475 516 in
496 457 626 535 trajectu
674 456 776 517 lbnlae
797 459 895 519 amnis
915 459 1087 520 submersus

184 535 302 598 celebre
322 536 361 596 ad
381 544 513 616 posteros
534 556 644 597 nomen
665 536 784 598 flumini
806 538 899 598 dedit.
940 538 1084 618 Agrippa

183 617 256 678 inde
269 615 405 676 Tiberini
419 616 511 689 filius,
526 625 594 696 post
605 617 779 696 Agrippam
796 616 947 678 Romulus
960 617 1085 692 Silvius,

151 697 204 757 5a
218 706 305 776 patre
325 705 449 775 accepto
470 696 606 776 imperio,
620 706 736 776 regnat.
779 695 936 759 Aventino
957 697 1086 759 fulmine

183 777 247 856 ipse
266 777 345 838 ictus
366 797 493 856 regnum
514 795 569 856 per
588 797 696 838 manus
717 777 855 839 tradidit.
897 777 929 838 Is
949 778 1085 860 sepultus

185 858 216 917 in
230 878 265 918 eo
278 856 364 930 colle,
379 857 432 936 qui
447 876 528 978 npnc
543 877 613 936 pars
628 857 786 918 Romanae
806 866 851 920 est
869 857 963 932 urbis,
978 878 1085 938 cogno

184 957 254 998 men
274 937 346 1000 colli
366 937 446 998 fecit.
489 936 587 998 Proca
607 936 717 998 deinde
737 947 853 1018 regnat
896 937 928 1000 Is
942 937 1083 999 Numito

183 1038 248 1078 rem
269 1026 360 1097 atque
373 1016 536 1078 Amulium
557 1027 713 1096 procreat;
735 1017 900 1094 Numitori,
915 1019 967 1098 qui
981 1019 1084 1098 stirpis

130 1097 169 1160 10
183 1099 335 1158 maximus
349 1105 423 1172 erat,
437 1117 566 1178 regnum
580 1108 734 1158 vetustum
749 1097 864 1161 Silviae
877 1100 977 1180 gentis
990 1098 1081 1178 legat.

216 1178 299 1240 -Plus
318 1188 421 1239 tamen
442 1179 488 1240 vis
509 1179 609 1258 potuit
629 1198 722 1257 quam
741 1179 887 1241 voluntas
911 1179 1006 1259 patris
1029 1188 1084 1241 aut

182 1260 367 1322 verecundia
394 1259 519 1320 aetatis:
554 1257 642 1338 pulso
670 1258 767 1320 fratre
793 1259 939 1322 Amulius
966 1269 1082 1341 regnat.
1105 1323 1107 1327 ,

181 1339 283 1402 Addit
301 1339 407 1400 sceleri
426 1338 541 1400 scelus:
565 1339 692 1416 stirpem
712 1338 817 1400 fratris
836 1340 959 1402 virilem
980 1337 1082 1400 interi·

181 1421 255 1493 mit;
277 1419 380 1481 fratris
400 1419 482 1480 filiae
503 1419 587 1479 Reae
606 1417 721 1479 Silviae
735 1439 789 1498 per
803 1421 934 1498 speciem
948 1421 1081 1493 honoris,

129 1498 167 1559 15
181 1522 252 1562 cum
262 1500 417 1562 Vestalem
428 1520 496 1560 eam
507 1498 637 1578 legisset,
648 1508 795 1578 perpetua
806 1500 984 1580 virginitate
996 1521 1082 1581 spem

222 1590 286 1642 rtus
299 1580 416 1642 adimit.

181 1601 281 1724 paIV.
321 1661 380 1722 sed
400 1659 577 1735 debebatur,
591 1669 626 1721 ut
646 1660 761 1740 opinor,
782 1658 854 1722 fatis
873 1669 978 1724 tantae
998 1661 1083 1743 origo

181 1742 266 1804 urbis
293 1741 480 1818 maximique
512 1741 679 1801 secundum
709 1741 835 1802 deorum
862 1762 933 1821 opes
960 1743 1082 1822 imperii

181 1822 373 1902 principium.
415 1820 458 1882 Vi
480 1841 649 1900 compressa
670 1820 806 1883 Vestalis
829 1842 899 1883 cum
922 1825 1082 1902 geminum

127 1898 304 1982 repartum
318 1901 468 1976 edidisset,
482 1921 535 1961 seu
556 1901 601 1961 ita
621 1908 699 1976 rata,
713 1923 766 1963 seu
787 1903 860 1981 quia
880 1903 955 1963 deus
975 1913 1082 1964 auctor

181 1983 290 2062 culpae
303 1982 456 2042 honestior
470 1989 544 2054 erat,
556 1981 689 2042 Martem
699 1981 834 2043 incertae
846 1983 949 2062 stirpis
962 1993 1082 2063 patrem

181 2070 348 2142 nuncupat.
388 2060 448 2122 Sed
469 2082 525 2122 nec
546 2061 589 2121 dii
610 2081 666 2123 nec
686 2062 828 2122 homines
842 2063 921 2124 auti
957 2085 1006 2124 am
1027 2073 1082 2125 aut

180 2143 306 2222 stirpem
320 2163 339 2202 a
350 2141 531 2203 crudelitate
541 2141 813 2221 regiavindicnnt:
828 2162 912 2203 sacer
934 2164 966 2203 os
976 2145 1082 2205 vincta

181 2223 212 2283 in
240 2223 416 2290 custodiam,
436 2222 536 2296 datur,
557 2242 667 2303 pueros
691 2221 724 2284 in
747 2222 948 2303 profluentem
969 2243 1082 2304 aquam

126 2300 166 2362 25
180 2304 263 2364 mitti
277 2302 374 2382 jubet.

221 2383 313 2444 Forte
327 2383 461 2463 quadam
475 2383 623 2445 divinitus
637 2404 729 2464 super
742 2383 824 2464 ripas
839 2382 956 2445 Tiberis
971 2384 1082 2446 effusus

180 2463 300 2526 lenibus
323 2464 439 2544 stagnis
463 2485 519 2525 nec
543 2463 623 2524 adiri
647 2485 776 2543 usquam
800 2463 841 2526 ad
859 2466 937 2545 justi
958 2486 1082 2526 cursum

180 2553 299 2639 poterat
312 2545 420 2617 amnis,
434 2552 465 2606 et
478 2565 563 2624 posse
577 2546 716 2623 quamvis
731 2543 878 2623 languida
891 2545 987 2625 mergi
1002 2566 1083 2626 aqua

180 2626 312 2686 mfantes
331 2645 415 2704 spem
435 2624 600 2685 ferentibus
622 2624 725 2686 dabat.
766 2624 818 2686 Ita
837 2625 924 2687 velut
943 2625 1082 2687 defuncti

63 2701 89 2792 >A
127 2706 167 2768 30
180 2707 259 2786 regis
273 2705 409 2785 imperio,
424 2704 457 2764 in
478 2705 620 2784 proxima
640 2704 750 2779 eluvie,
765 2704 819 2765 ubi
832 2725 916 2766 nunc
929 2706 1005 2766 ficus
1019 2706 1082 2767 Ru·

181 2785 302 2846 minalis
316 2795 361 2847 est
376 2786 591 2862 (Romularem
603 2793 746 2846 vocatam
764 2786 881 2859 ferunt)
902 2807 1011 2867 pueros
1031 2807 1082 2848 ex·

179 2875 307 2947 ponunt.
348 2865 464 2928 Vastae
478 2874 544 2925 tum
558 2863 591 2924 in
605 2864 653 2925 his
667 2865 742 2926 locis
755 2866 933 2928 solitudines
946 2877 1042 2928 erant

220 2946 315 3007 Tenet
332 2945 424 3020 fama,
439 2966 508 3006 cum
529 2945 703 3006 fluitantem
723 2945 855 3019 alveum,
871 2968 930 3026 quo
950 2948 1082 3026 expositi

180 3035 268 3088 erant
282 3026 378 3106 pueri,
393 3025 492 3086 tenuis
514 3025 546 3084 in
566 3025 646 3085 sicco
666 3046 747 3105 aqua
768 3025 961 3101 destituisset,
976 3027 1082 3104 lupam

127 3108 166 3168 35
180 3107 332 3167 sitientem
354 3127 394 3166 ex
414 3104 578 3178 montibus,
594 3101 648 3183 qui
668 3106 751 3166 circa
770 3114 850 3178 suut,
872 3106 912 3166 ad
933 3107 1081 3186 puerilem

180 3187 320 3264 vagitum
334 3207 456 3246 cursum
470 3184 607 3257 flexisse;
629 3205 696 3244 eam
717 3186 889 3247 summissas
911 3187 1082 3248 infantibus

180 3265 257 3326 adeo
270 3266 375 3326 mitem
386 3264 559 3344 praebuisse
570 3284 725 3337 mammas,
736 3272 770 3324 ut
780 3265 887 3344 lingua
897 3265 1082 3326 lambentem

181 3365 290 3424 pueros
317 3346 460 3423 magister
488 3343 565 3422 regii
591 3343 709 3422 pecoris
736 3345 888 3406 invenerit
917 3345 1082 3422 (Faustulo

180 3425 273 3486 fuisse
299 3444 408 3484 nomen
436 3424 565 3502 ferunt),
585 3423 624 3484 ab
648 3443 684 3484 eo
707 3423 748 3484 ad
771 3423 894 3486 stabula
918 3425 1083 3488 Larentiae
