2616 3790
128 194 192 260 120
292 211 383 258 rrrr
410 211 508 261 nrvr
534 211 591 260 Aa
619 213 736 261 vasa
765 212 960 261 connrrn

179 367 220 429 ab
246 375 331 446 tergo
358 367 516 442 exercitus,
567 368 609 442 ui,
636 369 695 430 nisi
729 388 783 430 uos
811 368 971 443 uincimus,
1001 370 1083 432 hosti

180 446 315 519 obsistat,
340 467 395 508 nec
415 447 512 527 Alpes
571 449 619 509 iae
645 456 726 522 sunt,
747 467 823 527 quas
843 447 917 508 dum
937 460 1083 529 superant

179 527 341 606 conparari
355 546 436 588 nova
450 528 566 606 possint
579 528 749 607 praesidia:
764 527 815 588 hic
830 537 877 588 est
889 529 1083 604 obstandum,

180 606 301 679 milites,
325 606 412 668 velut
437 607 464 668 si
491 616 563 668 ante
590 608 732 668 Romana
758 607 879 669 moenia
904 629 1082 689 pugnemus

146 685 270 750 dUnus
285 687 412 765 quisque
430 706 536 748 senon
551 707 660 766 corpus
680 707 779 759 suum,
793 688 846 748 sed
866 690 1025 768 conjugem
1045 711 1083 751 ac

179 765 290 826 liberos
304 786 415 845 parvos
428 767 521 827 armis
535 775 692 847 protegere
706 775 810 845 putet;
831 787 888 829 neo
904 769 1083 831 domesticas

179 845 278 908 solum
293 847 389 923 agitet
403 865 500 919 curas,
514 846 566 907 sed
581 845 748 908 identidem
762 847 820 908 hoc
836 849 938 909 animo
952 859 1083 928 reputet,

180 933 298 986 nostras
324 945 407 986 nunc
434 926 547 986 intueri
574 946 683 988 manus
709 936 848 988 senatum
876 928 1084 1009 populumque

180 1005 371 1066 Romanum:
393 1007 493 1085 qualis
513 1015 617 1068 nostra
630 1007 677 1070 vis
690 1007 848 1087 virtusque
867 1008 969 1082 fuerit,
988 1009 1083 1070 talem

128 1087 167 1151 10
179 1085 291 1225 poinde
321 1087 476 1148 fortunam
510 1086 594 1148 illius
621 1087 707 1150 urbis
733 1107 770 1150 ac
797 1088 932 1149 Romani
959 1089 1083 1169 imperii

192 1185 251 1226 ore.

219 1244 327 1306 XLII.
369 1245 458 1311 Haec
482 1255 559 1326 aput
582 1247 737 1309 Romanos
761 1247 876 1310 consul.
918 1247 1083 1310 Hannibal

111 1340 113 1346 '
181 1325 271 1386 rebus
290 1326 375 1404 prius
396 1346 489 1405 quam
507 1326 609 1389 verbis
629 1327 835 1388 adhortandos
856 1326 968 1388 milites
989 1338 1083 1402 ratus,

181 1405 369 1466 circumdato
389 1406 430 1466 ad
450 1407 659 1486 spectaculum
679 1408 825 1480 exercitu,
840 1408 978 1490 captivos
998 1429 1084 1469 mon·

129 1487 168 1552 15
182 1495 269 1546 tanos
295 1487 414 1548 vinctos
440 1488 473 1546 iu
500 1488 600 1548 medio
627 1488 745 1562 statuit,
770 1488 924 1566 armisque
951 1487 1083 1549 Gallicis

181 1567 364 1646 antepedes
384 1587 488 1628 eorum
508 1567 658 1646 projectis,
679 1567 866 1646 interrogare
886 1567 1084 1646 interpretem

183 1647 284 1727 jussit,
297 1648 407 1727 ecquis,
418 1648 444 1708 si
454 1647 586 1710 vinculis
600 1647 755 1708 levaretur
767 1666 914 1727 armaque
926 1655 958 1718 et
970 1668 1084 1727 equum

181 1728 281 1789 victor
307 1729 467 1806 acciperet,
495 1727 650 1788 decertare
676 1728 756 1787 ferro
783 1727 887 1788 vellet.
935 1726 1014 1788 Cum
1041 1729 1083 1788 ad

182 1827 278 1868 unum
292 1827 394 1868 omnes
408 1807 522 1868 ferrum
536 1825 731 1886 pugnamque
749 1814 907 1884 poscerent
920 1816 951 1866 et
965 1807 1084 1887 dejecta

129 1889 169 1954 20
183 1887 216 1947 in
230 1887 262 1946 id
276 1907 339 1948 sors
352 1895 437 1960 esset,
448 1907 480 1948 se
492 1887 619 1967 quisque
632 1905 702 1947 enm
713 1885 847 1965 optabat,
858 1905 948 1966 quern
959 1887 1085 1948 fortuna

176 1966 208 2026 in
234 1965 267 2024 id
294 1975 446 2026 certamen
479 1965 599 2044 legeret,
627 1974 666 2038 et,
694 1973 727 2024 ut
755 1966 901 2044 cujusque
933 1985 997 2026 sors
1032 1987 1083 2026 ex-

175 2045 298 2119 ciderat,
325 2047 434 2118 alacer,
462 2045 541 2106 inter
568 2045 756 2124 gratulantes
790 2045 902 2124 gaudio
930 2045 1081 2119 exultans,

183 2144 254 2185 cum
267 2125 314 2185 sui
328 2125 419 2186 moris
436 2123 579 2204 tripudiis
598 2143 685 2184 arma
698 2122 811 2202 raptim
825 2121 975 2201 capiebat.
1017 2123 1084 2184 Ubi

182 2225 255 2267 vero
269 2205 458 2277 dimicarent,
473 2207 498 2265 is
512 2204 634 2264 habitus
653 2203 825 2264 animorum
839 2222 900 2262 non
913 2202 994 2262 inter
1008 2203 1084 2282 ejus-

130 2287 169 2350 25
182 2285 252 2345 dem
273 2285 362 2345 modo
382 2284 568 2346 condicionis
589 2284 726 2343 homines
740 2291 814 2354 erat,
828 2281 880 2341 sed
895 2281 988 2342 etiarn
1002 2282 1084 2342 iuter

182 2373 352 2444 spectantes
375 2365 477 2443 vulgo,
503 2373 624 2425 utnon
648 2363 838 2436 vincentium
864 2361 962 2440 magis
989 2382 1084 2442 quam

182 2443 259 2504 bene
278 2445 472 2504 morientium
491 2444 615 2505 fortuna
635 2443 823 2503 laudaretur.

223 2524 349 2584 XLIII.
391 2524 470 2585 Cum
496 2525 540 2584 sic
567 2524 685 2603 aliquot
711 2521 854 2601 spectatis
880 2520 1006 2600 paribus
1030 2521 1083 2582 ad·

182 2604 275 2665 sectos
296 2604 466 2677 dimisisset,
490 2605 630 2664 contione
658 2602 730 2662 iude
758 2602 908 2664 advocata
935 2601 980 2661 ita
1006 2610 1084 2680 aput

129 2687 169 2750 30
183 2705 232 2744 eos
260 2683 378 2744 locutus
406 2685 519 2745 fertur:
549 2684 610 2757 “si,
638 2703 729 2763 quem
753 2683 891 2742 animum
911 2681 944 2740 in
964 2680 1083 2742 alienae

182 2765 270 2824 sortis
284 2764 423 2844 exemplo
438 2765 531 2843 paulo
545 2773 617 2824 aute
630 2762 790 2835 habuistis,
805 2761 935 2821 cundem
955 2781 1028 2822 mox
1048 2761 1082 2821 in

182 2845 370 2905 aestimanda
379 2845 502 2905 fortuna
510 2852 611 2906 vestra
620 2842 798 2915 habueritis,
807 2841 945 2913 vicimus,
954 2841 1083 2913 milites;

182 2945 280 3004 neque
300 2925 380 2984 euim
400 2923 607 3003 spectaculum
633 2924 722 2984 modo
746 2922 834 2995 illud,
855 2920 908 2982 sed
932 2921 1084 2998 quaedam

181 3005 279 3067 veluti
306 3005 406 3084 imago
433 3010 553 3066 vestrae
580 3003 766 3063 condicionis
793 3010 866 3062 erat
909 2998 958 3061 Ae
981 3002 1082 3062 nescio

129 3085 168 3144 35
181 3103 222 3143 an
255 3085 371 3163 majora
397 3083 524 3146 vincula
558 3083 745 3161 majoresque
777 3081 970 3142 necessitates
996 3080 1083 3142 vobis
1171 3149 1173 3154 .

181 3182 274 3240 quam
288 3163 416 3240 captivis
427 3161 535 3223 vestris
549 3161 673 3221 fortuna
686 3161 927 3222 circumdederit.
963 3160 1084 3220 Dextra

181 3240 329 3319 laevaque
343 3242 404 3300 duo
417 3241 515 3299 maria
529 3239 686 3312 claudunt,
697 3241 817 3300 nullam
827 3261 869 3300 -nc
882 3241 922 3300 ad
937 3241 1084 3318 effugium

182 3319 305 3396 quidem
320 3338 430 3379 navem
445 3317 610 3391 habentes3
631 3319 713 3378 circa
734 3319 837 3379 Padus
858 3321 965 3392 amnis,
986 3321 1085 3398 major

184 3397 316 3474 [Padus]
351 3416 388 3456 ac
414 3394 577 3458 violentior
611 3395 772 3471 Rhodano,
800 3398 841 3460 ab
872 3407 958 3477 tergo
984 3398 1084 3477 Alpes
