2616 3790
128 231 192 296 160
294 250 505 298 r1r1n1v1
534 247 589 296 ΑΒ
615 249 732 298 vanu
762 213 954 296 corrmra

178 405 412 466 adfirmandum
424 405 574 485 praesidio
585 405 706 480 saltum,
715 406 767 484 qui
778 425 869 485 super
879 405 1079 466 Tarracinam

178 487 210 545 in
225 495 307 546 artas
321 495 443 546 coactus
457 486 559 545 fauces
573 486 703 546 inminet
716 486 804 559 mari,
818 506 857 546 ne
877 486 917 545 ab
937 485 1081 546 Sinuessa

178 566 297 626 Poenus
311 566 342 626 A
366 565 434 645 piae
449 566 545 625 limite
560 566 718 645 pervenire
731 566 763 624 in
778 586 886 645 agrum
903 566 1080 626 Romanum

177 655 284 725 posset.
371 645 503 726 njunctis
520 645 704 706 exercitibus
725 645 857 706 dictator
877 665 913 706 ao
934 646 1081 726 magister

143 725 314 804 bequitum
330 737 430 786 castra
444 725 475 784 in
491 725 574 786 viam
589 725 739 798 deferunt,
754 744 817 804 qua
830 725 992 786 Hannibal
1006 725 1080 786 duo·

176 815 264 866 turus
278 815 360 878 erat;
381 806 441 866 duo
455 804 527 865 inde
540 805 627 864 milia
640 804 739 865 hostes
752 805 890 868 aberant.

217 885 310 948 XVI.
352 885 476 946 Postero
506 885 556 945 die
583 884 679 944 Poeni
703 885 785 964 quod
807 886 878 946 viae
900 885 981 946 inter
1004 885 1080 947 bina

176 976 277 1026 castra
300 975 366 1026 erat
390 963 512 1044 agmine
536 964 724 1043 conplevere.
765 963 845 1026 Cum
866 965 1001 1025 Romani
1021 965 1078 1026 sub

175 1045 240 1124 ipso
255 1046 458 1106 constitissent
466 1044 559 1118 vallo,
569 1044 645 1105 haut
659 1044 752 1105 dubie
765 1045 910 1124 aequiore
923 1044 999 1120 loeo,
1013 1066 1080 1107 suo·

123 1127 162 1189 10
176 1126 263 1186 cessit
283 1135 386 1185 tamen
407 1125 527 1186 Poenus
548 1145 617 1184 cum
639 1125 789 1204 expeditis
810 1125 1023 1205 equitibusque
1037 1125 1079 1186 ad

174 1204 382 1265 lacessendum
396 1205 522 1265 hostem.
564 1203 702 1284 Oarptim
718 1204 813 1265 Poeni
828 1214 858 1264 et
871 1205 1079 1284 procursando

175 1284 407 1365 recipiendoque
427 1305 491 1346 sese
510 1303 705 1364 pugnavere;
726 1284 838 1345 restitit
857 1305 912 1345 suo
929 1285 997 1346 loco
1017 1286 1078 1346 Ro·

174 1385 265 1426 mana
279 1365 375 1438 acies;
389 1364 474 1425 lenta
487 1384 591 1444 pugna
604 1373 635 1424 et
649 1384 689 1424 ex
703 1363 862 1424 dictatoris
876 1365 973 1443 magis
984 1385 1078 1444 quam

174 1443 361 1505 Hannibalis
389 1445 450 1505 fuit
477 1443 646 1506 voluntate.
688 1443 823 1505 Ducenti
850 1444 890 1505 ab
918 1445 1076 1520 Romanis,

120 1525 160 1588 15
173 1524 340 1604 octingenti
354 1525 486 1585 hostium
500 1524 644 1586 cecidere.

213 1605 354 1665 Inclusus
374 1604 446 1665 inde
465 1605 564 1667 videri
584 1603 755 1678 Hannibal,
769 1604 823 1668 via
843 1605 883 1666 ad
905 1603 1078 1666 Casilinum

172 1685 300 1758 obsessa,
314 1705 384 1745 oum
406 1683 513 1765 Capua
533 1693 564 1745 et
584 1683 743 1745 Samnium
757 1695 923 1746 attentum
937 1685 976 1746 ab
990 1696 1077 1768 tergo

172 1765 304 1826 divitum
328 1765 477 1825 sociorum
506 1765 653 1827 Romanis
681 1774 856 1826 conmeatus
885 1765 1076 1842 subveheret,

172 1845 292 1905 Poenus
319 1845 401 1905 inter
428 1844 594 1906 Formiana
627 1866 705 1906 saxa
731 1865 768 1906 ao
796 1845 918 1906 Literni
946 1846 1076 1908 barenas

118 1925 158 1988 20
171 1935 339 2004 stagnaque
360 1934 390 1986 et
409 1925 603 2005 perhorridas
626 1926 721 1988 silvas
744 1924 961 1987 hibernaturus
982 1937 1076 2002 esset3

171 2026 226 2066 nec
241 2005 450 2065 Hannibalem
465 2005 584 2079 fefellit,
599 2006 660 2066 suis
674 2025 706 2066 se
720 2005 837 2066 artibus
851 2005 923 2084 peti.
965 2005 1076 2087 Itaque

171 2106 242 2146 cum
262 2105 317 2164 per
338 2084 509 2146 Casilinum
530 2086 660 2147 evadere
680 2105 742 2146 non
763 2098 872 2165 posset,
892 2087 1076 2167 petendique

171 2174 287 2226 montes
301 2175 332 2225 et
341 2166 450 2244 jugum
465 2164 638 2227 Calliculae
651 2165 857 2246 superandum
868 2176 952 2240 esset,
964 2167 1075 2228 necubi

171 2246 328 2306 Romanus
358 2244 511 2305 inclusum
538 2245 675 2307 vallibus
707 2266 727 2306 1
781 2266 819 2306 en
846 2245 1074 2325 adgrederetur,

118 2327 157 2387 25
170 2325 340 2386 ludibrium
359 2325 516 2385 oculorum
537 2325 637 2405 specie
657 2327 731 2386 terri
754 2326 795 2386 ile
806 2325 848 2386 ad
862 2327 1075 2388 frustrandum

170 2406 285 2466 hostem
303 2415 500 2480 commentus,
536 2406 666 2486 rincipio
680 2407 777 2466 nootis
792 2405 900 2465 furtim
912 2407 1076 2469 succedere

169 2487 209 2546 ad
226 2495 342 2546 montes
360 2485 477 2546 statuit.
547 2485 655 2546 allacis
675 2485 793 2546 consilii
814 2486 886 2546 talis
906 2497 1075 2566 apparatus

170 2566 247 2626 fuit:
270 2567 350 2626 faces
364 2565 500 2644 undique
514 2585 553 2625 ex
567 2566 649 2644 agris
669 2565 825 2626 conlectae
842 2565 997 2646 fascesque
1013 2567 1074 2629 vir·

169 2666 278 2726 garum
309 2653 401 2724 atque
428 2645 508 2705 aridi
533 2646 679 2705 sarmenti
698 2644 910 2725 praeligantur
930 2647 1074 2710 cornibus

117 2726 156 2787 30
172 2727 273 2799 bourn,
286 2745 362 2804 quos
383 2725 514 2786 domitos
534 2724 758 2806 indomitosque
776 2724 887 2786 multos
901 2726 1074 2789 1111111111-

169 2826 235 2865 ram
250 2816 399 2884 agrestem
411 2806 559 2885 praedam
575 2805 694 2885 agebat
734 2805 863 2866 Adduo
877 2806 965 2867 milia
978 2805 1074 2870 ferme

169 2886 262 2946 boum
286 2885 409 2957 effecta3
436 2885 689 2965 Hasdrubalique
712 2886 869 2965 negotium
894 2886 1012 2960 datum,
1037 2897 1074 2950 ut

168 2978 257 3027 nocte
284 2966 317 3026 id
344 2975 518 3026 armentum
552 2967 686 3026 accensis
721 2966 863 3026 cornibus
890 2966 931 3026 ad
960 2968 1073 3029 montis

115 3126 133 3186 3
169 3057 280 3126 ageret,
294 3045 438 3119 maxime,
458 3045 484 3106 si
504 3055 612 3125 posset,
633 3067 724 3126 super
743 3047 840 3107 saltus
860 3046 901 3107 ab
921 3046 1006 3107 hoste
1027 3048 1071 3108 in·

135 3128 267 3188 5111111.
770 3129 772 3135 '

207 3205 320 3266 XVII.
362 3205 474 3265 Primis
510 3206 641 3266 tenebris
675 3207 798 3268 silentio
832 3216 915 3268 mota
949 3216 1069 3284 castra3

167 3283 259 3344 boves
283 3285 441 3362 aliquanto
469 3294 543 3345 ante
569 3286 657 3364 signa
684 3287 754 3346 acti.
797 3287 862 3349 Ubi
887 3288 926 3348 ad
951 3289 1069 3349 radices

167 3365 316 3423 montium
337 3364 463 3441 viasque
483 3377 627 3442 angustas
647 3376 774 3427 ventum
799 3377 852 3440 est,
874 3367 996 3446 signum
1017 3389 1068 3429 ex-

166 3442 280 3522 templo
300 3441 401 3516 datur,
421 3451 457 3502 ut
477 3445 608 3505 accensis
629 3446 772 3506 cornibus
800 3458 940 3509 armenta
959 3448 994 3508 in
1015 3449 1067 3510 ad·
