2616 3790
126 203 189 270 116
299 217 390 264 τιτι
417 217 513 265 nrvr
539 215 594 264 sn
620 215 736 264 vanu
765 214 959 262 counrrx

178 374 263 456 quies
277 372 442 433 muniendo
462 371 546 433 fessis
567 370 743 432 hominibus
758 369 840 431 data.
882 369 999 432 Triduo
1013 371 1087 432 inde

178 455 218 516 ad
233 453 358 534 planum
374 453 560 522 descensum,
570 452 637 532 jam
651 460 682 512 et
696 450 771 512 locis
785 449 978 512 mollioribus
992 461 1023 514 et
1037 472 1087 513 ao·

179 534 315 596 colarum
330 533 360 592 in
384 533 467 594 sniis.

219 554 418 674 xxxviii.
461 611 531 672 Hoc
552 611 688 671 maxime
708 610 798 672 modo
819 609 852 669 in
873 609 1001 673 Italiam
1021 632 1089 691 per·

148 697 167 759 5
179 701 306 757 ventum
320 700 374 766 cst,
388 693 496 773 quinto
510 711 612 752 meuse
626 711 645 752 a
659 690 848 769 Carthagine
862 689 963 763 Nova,
974 700 1010 752 ut
1023 693 1089 772 qui·

181 774 253 835 dam
267 781 404 834 auctores
418 781 499 844 sunt,
513 772 621 864 quinto
642 770 760 831 decimo
780 769 830 830 die
850 769 986 849 Alpibus
1002 791 1090 851 supe-

181 854 264 916 ratis.
306 853 449 930 Quantae
463 872 568 932 copiae
583 859 767 929 transgresso
782 850 815 909 in
829 849 956 910 Italiam
967 850 1090 912 Hanni·
1145 865 1148 870 ·

182 933 246 995 bali
261 933 383 1004 fuerint,
398 951 591 1011 nequaquam
605 931 685 990 inter
699 939 839 991 auctores
853 939 980 991 constat
1024 931 1090 1008 Qui

184 1013 359 1093 plurimum,
382 1023 503 1072 centum
531 1011 618 1071 milia
645 1010 793 1090 peditum,
815 1010 927 1089 viginti
948 1011 1088 1090 equitum

131 1098 169 1160 10
183 1095 275 1154 fuisse
288 1091 434 1166 scribunt,
449 1091 502 1172 qui
517 1091 688 1162 minimum,
702 1089 814 1169 viginti
835 1089 923 1150 milia
939 1091 1090 1169 peditum,

183 1194 237 1234 sex
290 1173 395 1232 uitum.
438 1171 475 1232 L.
497 1170 620 1232 Cincius
641 1169 828 1243 Alimentus,
842 1169 896 1250 qui
912 1178 1038 1250 captum
1058 1189 1091 1232 se

182 1252 220 1312 ab
283 1250 425 1312 annibale
451 1252 564 1324 scribit,
585 1252 718 1312 maxime
745 1273 789 1312 ore
816 1261 923 1312 auctor
946 1261 1091 1325 moveret,

181 1333 239 1392 nisi
266 1331 464 1392 confunderet
490 1352 650 1392 numerum
671 1331 771 1392 Gallis
792 1331 1019 1411 Liguribusque
1039 1333 1097 1402 ad-‚

186 1412 276 1472 ditis:
297 1431 367 1471 cum
381 1411 429 1472 his
442 1419 511 1472 octo
533 1411 598 1471 inta
618 1409 706 1470 milia
726 1410 874 1490 peditum,
889 1411 993 1472 decem
1008 1413 1091 1492 equi-

134 1497 173 1559 15
187 1501 253 1554 tum
267 1491 418 1563 adducta;
443 1492 490 1570 (in
505 1432 599 1551 ltalia
613 1491 711 1570 magis
724 1489 891 1572 adfluxisse
903 1492 970 1554 veri
990 1493 1092 1554 simile

186 1582 241 1646 est,
264 1579 296 1632 et
318 1571 364 1631 ita
387 1571 512 1650 quidam
537 1580 675 1633 auctores
696 1576 801 1652 suut3)
830 1593 870 1634 ex
897 1573 963 1653 ipso
986 1583 1091 1634 autem

186 1652 306 1714 audisse
325 1649 513 1725 Hannibale,
535 1663 695 1732 postquam
717 1652 904 1715 Rhodanum
924 1655 1091 1728 transierit,

187 1733 314 1812 triginta
334 1752 388 1792 sex
409 1731 495 1792 milia
515 1733 673 1793 hominum
693 1734 908 1814 ingentemque
928 1755 1092 1796 numerum

187 1833 334 1893 equorum
352 1821 384 1874 et
400 1812 531 1873 aliorum
547 1814 756 1893 jumentorum
777 1815 920 1876 amisisse.
961 1814 1092 1876 Taurini

135 1896 175 1960 20
188 1892 347 1972 Semigalli
371 1914 522 1973 proxuma
544 1915 618 1975 gens
645 1904 711 1957 erat
735 1895 768 1956 in
792 1895 918 1958 Italiam
942 1897 1092 1977 degresso.

189 1974 228 2036 Id
242 1995 312 2036 oum
326 1975 407 2035 inter
421 1995 524 2037 omues
537 1988 663 2051 constet,
677 1999 713 2041 eo
733 1979 830 2060 magis
850 1980 945 2041 miror
965 1979 1092 2059 ambigi,

188 2077 321 2140 quanam
346 2057 437 2138 Alpis
460 2060 624 2133 transierit,
644 2070 676 2122 ct
695 2060 788 2142 vulgo
809 2061 934 2123 credere
954 2060 1092 2123 Poenino

191 2146 297 2221 (atque
318 2140 389 2202 inde
409 2162 518 2202 nomeu
539 2141 567 2202 ei
600 2162 660 2222 ugo
675 2142 805 2222 Alpium
825 2144 973 2218 inditum)
995 2153 1093 2206 traus-

189 2243 333 2302 gressum,
348 2221 486 2283 Coelium
503 2243 557 2302 per
571 2164 727 2284 (iremonis
743 2225 854 2305 jugum
874 2226 976 2287 dicere
995 2234 1093 2286 trans·

137 2301 175 2364 25
190 2305 262 2377 isse;
284 2304 337 2383 qui
354 2302 444 2363 ambo
463 2303 559 2363 saltus
580 2323 649 2365 eum
670 2325 731 2365 non
748 2305 781 2366 in
798 2305 956 2379 Taurinos,
970 2305 1024 2367 sed
1076 2325 1093 2366 r

190 2385 266 2447 alios
286 2392 445 2446 montanos
465 2384 505 2445 ad
527 2384 642 2448 Libuos
655 2385 764 2450 Gallos
777 2387 977 2453 deduxissent
1058 2406 1093 2446 ec

189 2465 255 2528 veri
275 2465 374 2526 simile
394 2473 439 2526 est
459 2485 496 2526 ea
516 2474 582 2528 tum
603 2467 643 2528 ad
664 2467 802 2530 Galliam
816 2470 949 2548 patuisse
963 2469 1092 2541 itinera;

190 2546 296 2625 utique
316 2566 394 2625 quae
414 2545 455 2606 ad
476 2546 646 2609 Poeninum
666 2549 770 2611 ferunt
787 2549 933 2630 obsaepta
950 2549 1094 2628 gentibus

190 2625 423 2705 Semigermanis
437 2626 572 2689 fuissent.
614 2628 722 2708 Neque
733 2630 857 2692 hercule
867 2629 1022 2700 montibus
1035 2629 1094 2702 his,
1122 2647 1124 2652 ·

137 2705 177 2769 30
189 2707 215 2768 si
236 2726 326 2786 quem
346 2705 424 2767 forte
445 2707 476 2768 id
497 2717 608 2782 movet,
623 2708 662 2770 ab
683 2710 814 2770 transitu
836 2709 1007 2771 Poenorum
1028 2708 1094 2769 ullo

188 2785 301 2847 Seduni
321 2784 519 2864 Veragrique,
541 2784 657 2845 incolae
676 2784 745 2864 jugi
766 2785 838 2862 ejus,
858 2793 971 2845 norunt
991 2806 1095 2846 nornen

188 2866 327 2938 inditum,
341 2864 394 2925 sed
407 2865 446 2926 ab
461 2885 494 2925 eo
509 2886 598 2946 quem
619 2866 652 2926 in
671 2884 789 2926 summo
809 2874 961 2926 sacratum
980 2866 1094 2928 vertice

189 2946 360 3009 Poeninum
374 2945 512 3020 montani
525 2944 692 3025 appellant.

230 3025 396 3089 XXXIX.
438 3024 666 3104 Peropportune
679 3024 720 3086 ad
756 3023 886 3104 rincipia
900 3044 1001 3085 rerum
1016 3023 1095 3084 Tau·

139 3112 177 3173 35
192 3109 276 3180 riuis,
291 3106 450 3186 proximae
462 3105 555 3184 genti,
569 3105 713 3166 adversus
734 3045 878 3166 insubres
900 3111 1016 3165 motum
1033 3102 1095 3164 bel·

191 3188 257 3248 lum
271 3193 345 3246 erat.
386 3182 446 3244 Sed
460 3203 579 3243 armare
593 3185 762 3245 exercitum
776 3183 948 3256 Hannibal,
964 3192 999 3244 ut
1013 3182 1095 3263 parti

192 3265 282 3326 alteri
296 3262 413 3323 auxilio
428 3270 512 3334 esset,
527 3262 559 3320 in
576 3261 740 3322 reficiendo
760 3264 895 3323 maxime
915 3261 1095 3324 sentientem

193 3351 350 3404 contracta
374 3348 445 3399 ante
469 3340 560 3412 mala,
586 3361 646 3400 uon
693 3350 807 3414 oterat;
829 3343 925 3403 otium
950 3343 1031 3402 enim
1056 3361 1096 3401 ex

194 3421 307 3494 labore,
328 3419 416 3498 copia
436 3437 475 3478 ex
495 3417 607 3498 inopia,
629 3361 737 3498 culina*
753 3441 794 3481 ex
817 3421 936 3488 inluvie
956 3421 1096 3500 taboque,
