2628 3796
502 233 636 283 mnan
661 234 774 301 ΗΠ,
796 215 849 283 39.
1109 215 1173 282 183

219 397 273 451 aut
286 409 341 470 ego
356 410 420 451 rem
434 389 607 465 militarem,
621 390 695 452 belli
709 391 767 452 hoc
781 408 885 470 genus,
899 387 1014 450 hostem
1036 386 1120 450 hunc

219 471 333 550 ignoro,
357 480 411 532 aut
434 471 567 532 nobilior
590 471 669 532 alius
693 470 880 531 Trasumeno
901 468 986 530 locus
1010 469 1120 530 nostris

219 550 357 611 cladibus
370 551 438 611 erit.
479 551 511 611 N
512 571 545 611 eo
558 551 713 630 gloriandi
727 559 846 629 tempus
865 549 1009 611 aduersus
1022 569 1120 610 unum

217 638 271 702 est,
285 639 317 691 et
330 651 386 708 ego
401 631 620 692 contemnendo
633 631 735 710 potius
752 650 844 708 quam
865 627 1037 709 adpetendo
1056 629 1120 708 glo-

218 710 296 770 riam
310 710 434 770 modum
451 711 646 783 excesserim
667 710 719 770 sed
740 710 786 770 ita
805 729 852 772 res
872 729 904 770 so
925 708 1035 770 habet:
1057 729 1120 770 una
1153 707 1174 769 5

217 790 296 851 ratio
312 789 386 850 belli
401 789 525 868 gerendi
539 791 685 852 adversus
699 788 910 851 Hannibalem
924 797 1052 868 estque
1064 809 1120 870 ego

217 870 304 948 gessi.
346 869 412 930 Neo
433 877 560 931 eventus
580 870 670 931 modo
689 869 747 930 hoc
765 868 854 930 docet
871 868 1049 942 (stultorum
1063 869 1120 930 iste

218 949 363 1028 magister
381 948 451 1024 est),
464 949 518 1011 sed
538 950 644 1012 eadem
665 950 753 1023 ratio,
766 968 846 1027 quae
865 948 926 1010 fuit
945 948 1119 1029 futuraque,

217 1029 315 1089 donec
342 1049 389 1089 res
416 1029 539 1090 eaedem
566 1029 744 1104 manebunt,
768 1028 959 1090 inmutabilis
986 1039 1039 1090 cst.
1080 1028 1120 1090 In

217 1108 312 1169 Italia
326 1107 441 1169 bellum
456 1110 597 1188 gerimus,
611 1110 644 1169 in
665 1109 736 1171 sede
749 1129 786 1171 ac
799 1108 862 1170 solo
875 1118 995 1182 nostro;
1017 1110 1120 1171 omnia
1134 1109 1174 1171 10

217 1189 301 1250 circa
321 1187 414 1270 plena
435 1189 549 1250 civium
569 1211 606 1251 ac
626 1190 776 1250 sociorum
796 1198 885 1262 sunt;
913 1189 1015 1262 armis,
1036 1189 1119 1263 viris,

217 1270 312 1348 equis,
328 1269 546 1330 commeatibus
562 1271 670 1333 'uvant
678 1270 911 1349 juvabuntque:
926 1269 958 1328 id
968 1270 1033 1348 jam
1048 1269 1120 1330 fidei

217 1349 435 1410 documentum
463 1351 496 1409 in
523 1292 658 1412 adversis
692 1350 780 1412 rebus
814 1348 924 1410 nostris
951 1349 1119 1410 dederunt:

217 1429 366 1502 meliores,
400 1429 619 1509 prudentiores,
655 1429 873 1491 constantiores
910 1447 964 1490 nos
1001 1435 1121 1507 tempus

217 1509 342 1589 diesque
355 1509 439 1570 facit.
481 1508 643 1572 Hannibal
665 1519 771 1571 contra
790 1509 823 1569 in
844 1508 954 1582 aliena,
968 1507 1001 1567 in
1015 1507 1120 1569 hostili
1135 1508 1175 1570 15

217 1598 263 1650 est
281 1600 374 1664 terra,
389 1591 470 1650 inter
490 1591 594 1651 omnia
613 1589 739 1651 inimica
759 1589 937 1668 infestaque,
951 1587 1059 1667 procul
1079 1587 1121 1650 ab

217 1669 317 1744 domo,
326 1669 366 1731 ab
380 1670 499 1750 patria;
514 1691 611 1751 neque
625 1669 673 1730 illi
686 1678 769 1731 terra
782 1689 880 1748 neque
892 1669 967 1728 mari
981 1676 1026 1729 est
1039 1687 1119 1748 pax;

217 1749 323 1811 nullae
350 1770 420 1811 eum
447 1750 537 1812 urbes
565 1751 732 1831 accipiunt,
760 1749 848 1810 nulla
874 1748 1012 1821 moenia;
1039 1748 1120 1808 nihil

217 1850 346 1910 usquam
366 1832 414 1892 sui
432 1831 535 1906 vidst3
555 1831 589 1892 in
610 1832 691 1893 diem
712 1840 800 1910 rapto
813 1829 893 1891 vivit
904 1849 913 1902 ;
933 1837 1051 1908 partem
1065 1829 1120 1889 vix

216 1912 340 1972 tertiam
354 1913 583 1993 exercitus'ejus
597 1912 699 1985 habet,
713 1931 805 1990 quem
826 1909 978 1970 Hiberum
999 1929 1120 1969 amnem
1134 1909 1175 1973 20

216 1993 356 2072 trajecit3
376 1993 480 2072 plures
499 1993 580 2056 fame
597 2014 690 2073 quam
711 1991 791 2052 ferro
811 1989 983 2070 absumpti;
1003 2009 1059 2050 nec
1072 1988 1120 2049 his

216 2075 323 2154 paucis
346 2076 412 2155 jam
437 2075 537 2137 victus
564 2073 747 2154 suppeditat.
789 2070 922 2131 Dubitas
944 2090 1024 2149 ergo,
1046 2069 1121 2148 quin

216 2155 348 2216 sedendo
367 2156 539 2236 superaturi
559 2155 653 2216 simus
673 2173 752 2227 eum,
766 2151 820 2233 qui
837 2158 972 2213 senescat
992 2149 1025 2208 in
1046 2149 1120 2242 dies,

216 2255 278 2297 non
300 2246 494 2312 commeatus,
515 2257 577 2299 non
596 2234 851 2316 supplementum,
872 2250 934 2291 non
958 2248 1119 2309 pecuniam
1198 2289 1199 2294 ,

215 2317 351 2378 habeat?
392 2318 496 2395 Quam
519 2318 573 2378 diu
597 2337 653 2396 pro
674 2313 826 2387 Gereonii,
847 2309 964 2372 castelli
984 2309 1120 2389 Apuliae
1134 2309 1174 2370 25

215 2397 267 2458 ino
290 2397 325 2472 is,
348 2406 507 2479 tamquam
530 2419 586 2478 pro
610 2395 806 2476 Carthaginis
834 2389 990 2452 moenibus
1017 2388 1117 2449 sedet!

215 2477 253 2540 Se
300 2498 340 2540 ne
362 2479 507 2541 adversus
533 2488 564 2540 te
588 2477 709 2557 quidem
732 2477 770 2536 de
790 2494 840 2534 me
859 2469 1021 2552 gloriabor.
1063 2467 1118 2529 Cn.

216 2558 364 2622 Servilius
377 2568 469 2640 atque
482 2559 609 2632 Atilius,
623 2556 758 2637 proximi
775 2551 921 2624 eonsules,
936 2549 1015 2622 vide,
1029 2567 1120 2641 quem

154 2649 157 2653 ’
215 2638 257 2699 ad
270 2640 395 2701 modum
410 2655 480 2701 eum
493 2638 644 2700 ludificati
664 2637 735 2698 sint.
777 2635 865 2695 Haec
879 2628 1062 2693 unasalut1s
1075 2636 1120 2690 est

216 2719 277 2794 via,
292 2719 327 2780 L
344 2719 450 2794 Paule,
465 2739 557 2800 quam
572 2718 727 2780 difficilem
741 2716 942 2793 infestamque
961 2710 1041 2804 cives
1062 2709 1118 2769 tibi
1133 2710 1173 2772 30

215 2800 314 2878 magis
337 2820 429 2880 quam
453 2800 552 2861 hostes
576 2799 696 2860 facient.
738 2797 826 2858 Idem
853 2796 935 2856 enirn
963 2800 1009 2852 tur
1036 2789 1118 2868 quod

215 2877 348 2941 hostium
363 2880 475 2942 milites
488 2879 610 2952 volent3
631 2877 713 2938 idem
724 2875 826 2940 Varro
841 2872 946 2936 consul
961 2869 1118 2932 Romanus

215 2959 296 3038 quod
318 2957 479 3018 Hannibal
500 2956 619 3017 Poenus
642 2954 808 3033 imperator
834 2951 944 3031 cupiet.
994 2948 1122 3009 Duobus

215 3038 344 3099 ducibus
367 3058 445 3098 unus
472 3037 591 3098 resistas
618 3041 745 3114 oportet.
799 3031 931 3094 Resistes
958 3039 1069 3104 autem,
1097 3029 1124 3088 εἰ

216 3114 362 3176 adversus
382 3115 497 3175 famam
517 3133 712 3193 rumoresque
735 3111 894 3173 hominum
918 3109 993 3171 satis
1015 3108 1120 3167 firmus
1135 3107 1174 3168 35
1206 3153 1216 3169 .

214 3194 343 3268 steteris,
364 3195 390 3254 si
410 3203 440 3256 te
460 3214 558 3274 neque
578 3194 657 3256 colle
678 3213 714 3253 ae
728 3213 809 3255 vana
829 3190 927 3271 gloria
948 3207 1046 3268 neque
1066 3196 1122 3247 tua

215 3273 294 3335 falsa
320 3274 450 3335 infamia
477 3274 615 3336 moverit.
688 3272 829 3333 critatem
856 3270 997 3331 laborare
1027 3267 1119 3326 nimis

215 3373 304 3434 saepe
318 3354 417 3427 aiunt,
431 3354 571 3432 extingui
586 3372 762 3432 numquam.
805 3349 944 3411 Gloriam
965 3347 1019 3424 qui
1039 3363 1119 3420 spre«

215 3435 305 3508 verit,
319 3454 425 3497 veram
445 3432 580 3494 habebit.
621 3432 704 3504 Sine,
717 3428 859 3490 timidum
874 3445 930 3504 pro
944 3431 1044 3491 cauto,
1058 3429 1119 3476 tar-
