2616 3790
463 264 597 312 urana
622 263 738 330 xxn,
766 246 896 313 21-22.
1116 247 1181 313 165

226 419 380 482 cedentem
408 420 449 481 ad
473 420 630 482 Oceanum
655 419 881 482 Hasdrubalem
906 420 948 482 cis
973 419 1126 482 Hiberum

226 502 264 562 ad
285 501 380 562 socios
400 501 545 563 tutandos
565 503 704 563 retraxit.
746 501 855 563 Castra
874 500 992 562 Punica
1006 501 1039 562 in
1053 521 1127 580 agro

227 581 518 660 Ilergavonensium,
532 591 633 643 castra
646 582 788 643 Romana
800 582 840 642 ad
855 581 977 642 Novam
992 581 1126 643 Classem

226 671 321 735 erant,
337 681 407 722 cum
424 660 508 722 fama
524 681 632 742 repens
651 662 714 722 alio
734 661 848 723 avertit
868 661 993 724 bellum.
1035 661 1126 723 Celti·

224 737 297 811 beri,
318 739 371 818 qui
398 739 550 818 principes
577 739 707 818 regionis
741 759 813 799 suae
847 738 961 817 legatos
994 739 1132 799 mucroni
1158 743 1178 804 δ

224 818 399 896 obsidesque
427 818 574 878 dederant
602 817 757 891 Romanis,
778 819 885 878 nuntio
913 819 1003 878 misso
1030 819 1132 878 aSci·

224 895 314 974 pione
338 895 432 955 exciti
455 915 542 956 arma
566 895 702 974 capiunt,
723 895 913 974 provinciam
935 915 973 957 ue
997 895 1124 960 Cartba-

224 976 407 1054 giniensinm
426 974 531 1038 valido
552 976 688 1036 exercitu
712 975 873 1037 invadunt.
914 915 988 1036 iria
1011 977 1124 1058 oppida

225 1056 257 1116 vi
281 1064 474 1134 expugnant3
495 1054 568 1116 inde
594 1075 664 1116 cum
691 1055 757 1134 ipso
784 1053 982 1116 Hasdrubale
1006 1056 1124 1118 duobus

224 1135 346 1214 proeliis
359 1136 479 1214 egregie
489 1143 645 1215 pugnant;
659 1135 699 1196 ad
710 1133 884 1214 quindecim
896 1134 982 1195 milia
992 1135 1123 1198 bostium
1139 1141 1179 1202 10

225 1215 410 1288 occiderunt,
435 1225 580 1294 quattuor
602 1215 690 1277 milia
714 1235 784 1276 cum
809 1213 915 1276 multis
939 1215 1124 1279 militaribus

224 1296 317 1376 signis
338 1296 471 1375 capiunt.

265 1374 379 1436 XXII.
420 1376 491 1437 Hoc
511 1384 594 1438 statu
614 1396 716 1437 rerum
736 1375 768 1436 in
789 1374 945 1457 Hispania
965 1375 1000 1438 P.
1022 1375 1125 1472 Scipio

225 1456 258 1516 in
273 1454 462 1536 provinciam
477 1457 571 1532 venit,
585 1464 748 1537 prorogato
768 1465 836 1536 post
857 1456 1048 1518 consulatum
1071 1478 1125 1518 rm·

225 1537 311 1617 perio
324 1535 364 1598 ab
377 1545 484 1597 senatu
505 1538 621 1610 missus,
636 1556 705 1598 cum
726 1536 855 1616 triginta
874 1536 976 1618 longis
995 1536 1180 1603 navibus15

225 1625 256 1677 et
276 1626 344 1678 octo
364 1616 489 1677 milibus
509 1617 652 1691 militum,
676 1637 848 1710 magnoque
876 1624 1047 1679 commeatu
1073 1618 1126 1679 ad·

225 1706 320 1757 vecto.
362 1696 411 1758 Ea
425 1696 527 1758 classis
542 1698 648 1790 ingens
661 1715 784 1776 agmine
797 1697 1007 1758 onerariarum
1017 1699 1125 1779 procul

225 1777 292 1839 visa
306 1796 376 1837 cum
390 1797 502 1856 magua
516 1777 634 1839 laetitia
648 1777 761 1840 civium
781 1777 990 1857 sociorumque
1004 1789 1125 1858 portum

225 1856 406 1917 Tarraconis
426 1877 465 1917 ex
486 1857 549 1918 alto
569 1857 677 1918 tenuit.
718 1855 770 1918 Ibi
783 1856 882 1918 milite
898 1859 1044 1938 exposito,
1059 1879 1125 1939 pro-

225 1938 322 1997 fectus
336 1936 438 2031 Scipio
452 1937 542 1997 fratri
556 1957 587 1998 se
601 1937 777 2017 conjungit;
797 1957 834 1998 ac
847 1937 956 1999 deinde
972 1940 1125 1999 communi
1139 1944 1181 2008 20

225 2017 327 2077 animo
338 2017 464 2078 consilio
485 2037 523 2078 ue
533 2018 678 2097 gerebant
689 2017 815 2079 bellum.
855 2017 1020 2098 Occupatis
1031 2019 1126 2098 igitur

226 2038 528 2176 Carthaginiensibus
541 2096 724 2158 Celtiberico
738 2097 829 2171 bello,
844 2098 928 2158 baud
945 2108 1126 2160 cunctanter

226 2175 379 2236 Hiberum
403 2176 678 2257 transgrediuntur,
702 2197 758 2239 nec
782 2178 847 2239 ullo
867 2177 933 2240 viso
958 2179 1052 2250 hoste,
1072 2179 1125 2241 Sa·

225 2265 356 2336 guntum
384 2266 516 2336 pergunt
543 2259 596 2330 ire,
621 2257 703 2336 quod
726 2256 771 2318 ibi
794 2257 913 2319 obsides
935 2260 1028 2320 totius
1053 2260 1125 2321 His·

225 2338 336 2416 paniae
357 2337 484 2398 traditos
505 2336 545 2398 ab
566 2336 745 2399 Hannibale
765 2338 847 2399 fama
868 2346 933 2400 erat
953 2339 1072 2400 modico
1092 2341 1124 2401 iu
1139 2343 1180 2406 25

226 2437 296 2477 arce
311 2417 456 2478 custodiri
470 2416 629 2497 praesidio.
671 2416 818 2478 Idunum
856 2418 944 2497 ignus
964 2418 1125 2482 inclinatos

168 2527 172 2542 r
226 2497 266 2558 ad
288 2496 460 2558 Romanam
482 2497 656 2558 societatem
679 2501 815 2558 omnium
875 2499 1010 2578 ispaniae
1029 2520 1124 2580 popu-

226 2578 325 2638 lorum
346 2578 462 2638 animos
481 2579 667 2652 morabatur,
681 2598 720 2638 ne
740 2579 889 2659 sanguine
909 2578 1041 2639 liberdm
1059 2600 1125 2642 sno·

226 2677 294 2718 rum
309 2657 400 2737 culpa
414 2658 590 2719 defectionis
604 2657 746 2720 lueretur.

265 2737 313 2798 Εο
340 2737 465 2800 vinculo
489 2737 674 2819 Hispaniam
703 2741 752 2800 vir
778 2757 858 2800 unus
884 2737 1001 2800 sollerti
1027 2741 1125 2821 magis
1140 2745 1180 2808 30

226 2837 318 2898 quam
339 2817 423 2878 fideli
443 2819 570 2880 consilio
591 2817 731 2880 exsolvit.
773 2818 900 2880 Abelux
916 2829 983 2881 arat
996 2819 1126 2900 Sagunti

225 2897 337 2959 nobilis
364 2898 531 2978 Hispanus,
558 2898 637 2959 fidus
664 2908 735 2959 ante
762 2898 890 2972 Poenis3
918 2908 993 2974 tum,
1023 2903 1127 2978 qualia

226 2978 404 3059 plerumque
430 2988 503 3041 sunt
530 2977 728 3040 barbarorum
756 2979 890 3058 ingenia,
911 3000 980 3040 cum
1002 2981 1127 3044 fortuna

225 3066 398 3121 mutaverat
413 3057 512 3120 fidem.
554 3058 694 3120 Ceterum
710 3060 901 3139 transfugam
917 3060 983 3120 sine
996 3079 1126 3140 maguae

226 3140 267 3200 rei
283 3138 455 3220 proditione
468 3139 638 3201 venientem
660 3139 700 3200 ad
720 3139 814 3199 hostis
835 3139 913 3199 nibil
932 3140 1019 3201 aliud
1033 3161 1125 3219 qnam
1139 3143 1179 3206 35

225 3237 320 3279 unum
335 3216 398 3281 vile
411 3227 503 3298 atque
516 3219 630 3279 infame
644 3239 752 3298 corpus
766 3239 829 3281 esse
843 3228 936 3293 ratus,
951 3220 983 3281 id
1005 3219 1125 3299 agebat,

226 3309 365 3378 utquam
380 3319 560 3358 maxumum
575 3299 812 3360 emolumentum
829 3302 916 3360 novis
937 3299 1026 3359 sociis
1040 3309 1124 3357 esset.

225 3377 459 3458 Circumspectis
472 3379 569 3457 igitur
583 3378 732 3450 omnibus,
743 3396 821 3455 quae
832 3377 956 3435 fortuna
969 3376 1126 3452 potestatis

225 3458 288 3540 ejus
308 3467 430 3539 poterat
449 3459 558 3532 facere,
579 3455 735 3519 obsidibus
758 3455 948 3535 potissimum
971 3448 1127 3510 tradendis
