2616 3790
477 248 612 297 arsen
637 249 753 317 xx11,
779 234 866 300 3-4.
1104 235 1168 304 147

215 403 435 486 perpopuletur
448 403 583 479 Italiam,
598 407 805 488 vastandoque
826 416 857 468 et
876 406 992 469 urendo
1012 409 1116 470 omnia

215 485 257 546 ad
281 485 421 546 Romana
445 487 564 547 moenia
588 488 763 567 perveniat3
792 508 847 548 nec
871 499 942 548 ante
966 509 1020 549 nos
1043 489 1115 550 hinc

215 565 400 627 moverimus
420 585 522 645 quam,
535 567 615 628 sicut
635 567 709 627 olim
730 566 896 628 Camillum
916 567 956 628 ab
970 567 1066 642 Veiis,
1080 569 1115 632 (l.

216 643 406 705 Flaminium
433 645 473 706 ab
500 647 624 708 Arretio
652 656 753 733 patres
780 647 977 708 acciverint”
1028 647 1116 710 Haec

215 725 307 785 simul
321 725 489 805 increpans,
503 745 574 786 cum
594 727 678 788 ocius
696 727 785 806 signa
805 727 937 788 convelli
951 727 1072 807 juberet
1084 738 1116 790 et
1150 733 1170 792 5

216 805 281 884 ipse
300 805 334 866 in
355 825 442 866 ecum
463 805 635 880 insiluisset,
650 826 719 868 ecus
740 815 864 887 repente
878 807 998 868 conruit
1012 828 1116 870 consu·

216 883 338 965 lemque
350 885 470 965 lapsum
480 906 515 946 su
556 887 798 966 rcaputeffudit
840 885 1116 950 Territisomnibus

216 965 270 1044 qui
285 965 367 1026 circa
381 975 468 1028 erant
481 974 567 1028 veut
580 967 668 1027 foedo
682 967 783 1028 omine
796 967 987 1046 incipiendae
1004 968 1056 1041 rei,
1071 968 1117 1029 in·

216 1065 308 1124 super
320 1045 490 1120 nuntiatur,
502 1047 635 1126 signum,
649 1047 733 1108 omni
746 1047 779 1110 vi
799 1047 943 1108 moliente
961 1047 1115 1127 signifero,

217 1125 349 1186 convelli
363 1127 494 1205 nequire
536 1125 706 1189 Conversus
727 1126 767 1187 ad
787 1127 929 1188 nuntium
945 1131 1046 1188 “num
1067 1129 1116 1188 lit
1130 1131 1169 1194 10

217 1213 296 1266 teras
310 1206 455 1286 quoque''
469 1207 571 1286 inquit
585 1207 651 1268 “ab
665 1217 770 1268 senatu
785 1207 895 1281 adfers,
906 1228 984 1286 quae
995 1228 1041 1268 me
1052 1228 1114 1268 rem

216 1306 320 1365 gerere
333 1287 461 1348 vetent?
501 1287 574 1361 Abi,
589 1287 707 1361 nuntia,
723 1287 867 1349 effodiant
887 1287 1017 1367 signum,
1031 1287 1057 1348 si
1074 1287 1115 1350 ad

217 1366 451 1428 convellendum
465 1386 574 1428 manus
587 1388 662 1447 prae
676 1377 760 1428 metu
773 1367 1023 1447 obtorpuerunt.'’
1065 1365 1116 1428 In·

217 1446 323 1508 cedere
346 1446 419 1507 inde
441 1467 551 1526 agmen
574 1447 683 1527 coepit,
700 1448 895 1541 primoribus,
913 1467 1004 1526 super
1024 1466 1116 1526 quam

217 1526 298 1608 quod
318 1526 521 1588 dissenserant
539 1527 580 1589 ab
601 1527 738 1601 consilio,
752 1527 866 1596 territis
887 1527 979 1587 etiam
999 1525 1117 1606 duplici
1131 1529 1170 1592 15

216 1606 364 1688 prodigio,
384 1607 483 1668 milite
503 1607 536 1668 in
556 1607 668 1688 vulgus
691 1607 772 1668 laeto
796 1606 910 1668 ferocia
933 1606 1028 1681 ducis,
1047 1627 1117 1668 cum

215 1706 300 1766 spem
313 1707 363 1747 ma
384 1687 410 1748 is
424 1688 521 1766 ipsam
535 1708 628 1768 quam
642 1707 766 1750 causam
778 1686 844 1767 spei
855 1687 1036 1748 intueretur.

256 1766 315 1829 IV.
356 1708 518 1828 {annibal
546 1768 628 1848 quod
703 1767 730 1828 ri
764 1776 809 1829 est
841 1767 922 1827 inter
951 1765 1116 1828 Cortonam

215 1845 323 1907 urbem
349 1846 652 1928 Trasumennumque
699 1867 789 1908 acum
816 1846 899 1908 omni
926 1845 1015 1908 clade
1042 1847 1116 1908 belli

215 1935 380 2008 pervadat,
408 1947 468 2007 quo
495 1929 592 2008 magis
620 1927 699 1988 iram
733 1927 815 1988 hosti
848 1925 888 1988 ad
915 1927 1116 1990 vindicandas
1131 1931 1170 1993 20

214 2007 365 2068 sociorum
379 2007 507 2087 injurias
527 2016 637 2081 acuat3
658 2009 764 2089 etjam
778 2015 980 2087 pervenerant
993 2006 1034 2067 ad
1048 2006 1117 2067 loca

215 2098 290 2148 nata
303 2087 431 2162 insidiis,
445 2088 499 2148 ubi
514 2089 648 2149 maxime
665 2097 783 2149 montes
797 2087 995 2148 Cortonenses
1008 2086 1117 2147 liaeu-

215 2187 343 2229 mennus
356 2168 447 2230 subit
481 2167 545 2230 Via
559 2178 680 2229 tantum
694 2169 819 2229 interest
829 2175 1021 2247 perangusta,
1032 2166 1118 2227 velut

214 2248 256 2309 ad
270 2247 304 2308 id
318 2248 417 2328 ipsum
432 2249 469 2310 de
483 2249 635 2310 industria
649 2248 782 2310 relictos
805 2247 884 2320 atio;
900 2246 1009 2307 deinde
1023 2245 1116 2326 paulo

215 2327 309 2389 latior
331 2329 459 2422 patescit
483 2349 624 2408 campus;
646 2328 718 2390 inde
741 2268 832 2389 colles
853 2327 1024 2407 insurgunt
1066 2325 1116 2386 Ibi
1131 2331 1170 2392 25

216 2416 316 2469 castra
330 2428 362 2468 m
375 2420 481 2488 aperto
494 2408 586 2483 locat,
600 2408 654 2470 ubi
669 2409 733 2488 ipse
747 2428 818 2468 cum
832 2406 919 2467 Afris
939 2407 1028 2466 modo
1045 2405 1116 2467 His

215 2489 364 2568 panisque
397 2489 583 2563 consideret;
618 2489 757 2550 Baliares
791 2495 983 2566 ceteramque
1016 2485 1114 2548 levem

215 2577 405 2629 armaturam
432 2578 500 2650 post
527 2569 639 2631 montis
659 2567 891 2640 circumduci&
925 2566 1042 2646 equites
1074 2566 1114 2628 ad

215 2647 295 2728 ipsas
309 2648 411 2710 fauces
424 2649 530 2724 saltus,
544 2649 671 2711 tumulis
685 2657 757 2728 apte
770 2646 952 2727 tegentibus,
966 2646 1057 2720 locat,
1072 2656 1116 2721 ut,

216 2727 269 2789 ubi
281 2729 445 2800 intrassent
458 2729 601 2804 Romani,
612 2729 730 2810 objecto
744 2729 882 2810 equitatu
896 2727 1000 2789 clausa
1014 2727 1116 2789 omnia
1130 2732 1170 2795 30

215 2807 283 2870 lacu
299 2829 337 2870 ac
351 2810 506 2872 montibus
520 2820 626 2872 essent

254 2887 428 2951 Flaminius
442 2910 512 2952 cum
526 2891 625 2971 pridie
638 2889 711 2952 solis
723 2909 832 2952 occasu
846 2887 885 2949 ad
900 2888 1002 2949 lacum
1012 2908 1116 2968 perve-

214 2968 316 3043 nisset,
330 2969 521 3050 inexplorato
532 2979 650 3052 postero
661 2971 711 3032 die
719 2970 849 3032 vixdum
863 2968 936 3030 satis
950 2977 1033 3029 certa
1047 2967 1116 3029 luce

215 3050 364 3129 angustiis
377 3051 535 3130 superatis,
544 3062 704 3130 postquam
718 3051 750 3111 in
783 3049 961 3110 atentiorem
974 3068 1115 3128 campum

215 3130 311 3208 pandi
331 3150 441 3210 agmen
462 3131 570 3210 coepit,
585 3131 616 3190 id
630 3140 750 3192 tantum
761 3072 900 3190 liostium
916 3127 996 3207 quod
1011 3149 1050 3188 ex
1064 3128 1116 3188 ad·
1129 3129 1168 3190 35

215 3229 302 3270 verso
316 3220 383 3270 erat
397 3211 572 3290 conspexit;
593 3211 633 3271 ab
647 3220 732 3290 tergo
753 3231 789 3271 ac
809 3229 899 3288 super
920 3217 1013 3287 caput
1032 3207 1115 3268 dece-

254 3309 286 3349 re
299 3289 438 3351 insidiae.
481 3290 600 3350 Poenus
614 3290 677 3363 ubi,
686 3291 719 3350 id
733 3289 815 3369 quod
829 3289 968 3366 petierat,
978 3287 1115 3373 clausum

228 3389 287 3429 acu
307 3390 344 3430 ac
365 3369 520 3430 montibus
539 3378 571 3428 et
590 3368 807 3428 circumfusum
823 3366 885 3426 suis
900 3363 992 3440 copiis
1007 3361 1116 3419 habuit

216 3447 344 3524 hostem,
357 3449 481 3528 signum
494 3447 635 3510 omnibus
655 3447 709 3506 dat
729 3443 822 3505 simul
835 3439 1010 3502 invadendi.
1052 3435 1116 3510 Qui
