2616 3790
129 237 193 300 148
301 249 392 297 mur
418 223 516 298 nivr
541 247 598 294 11
622 245 738 297 unns
763 242 955 294 cosmus

182 408 235 470 ubi
263 428 324 487 qua
351 405 461 485 cuique
488 405 663 485 proximum
690 402 750 463 fuit
777 401 1024 475 decucurrerunt,
1047 421 1083 462 eo

181 489 278 569 magis
293 488 440 547 Romanis
460 485 563 546 subita
583 495 676 563 atque
689 483 844 562 inprovisa
858 501 904 541 res
918 481 987 554 fuit,
1001 481 1084 560 quod

181 581 248 630 orta
266 588 306 628 ex
322 567 394 627 lacu
413 565 528 626 nebula
548 584 656 643 campo
676 583 769 643 quarn
790 560 943 622 montibus
964 562 1085 622 densior

180 649 308 722 sederat,
323 647 507 727 agminaque
521 645 654 706 hostium
668 663 707 703 ex
722 642 861 722 pluribus
875 640 1005 702 collibus
1018 642 1086 720 ipsa

148 732 167 794 5
181 731 261 789 iuter
274 749 306 789 se
320 727 394 788 11111
409 733 571 805 conspecta
584 743 679 803 eoque
693 723 791 802 magis
806 722 921 801 pariter
940 721 1087 781 decucur-

180 817 293 870 rerant.
335 808 503 880 Romanus,
518 805 651 866 clamore
665 804 749 883 prius
764 803 898 882 undique
911 811 978 862 orto
992 822 1087 882 quam

179 891 252 950 satis
267 896 412 960 cerneret,
420 907 453 947 se
468 887 710 947 circumventum
724 903 787 944 esse
799 883 909 956 sensit3
922 890 954 943 et
967 892 1039 943 ante
1052 883 1086 941 in

180 969 311 1030 frontem
332 968 491 1046 lateraque
512 965 644 1045 pugnari
665 971 805 1043 coeptum
826 970 991 1041 11111111
1012 963 1087 1022 satis

180 1049 382 1110 instrueretur
394 1048 475 1108 acies
489 1056 544 1106 aut
558 1044 697 1125 expediri
711 1063 799 1104 arma
808 1043 978 1123 stringique
988 1043 1087 1122 gladii

128 1131 168 1193 10
202 1137 308 1190 ossent.

180 1150 201 1209 p
220 1208 261 1271 V.
276 1213 278 1218 '
305 1207 428 1281 Oonsul,
442 1207 589 1288 perculsis
611 1204 761 1278 omnibus,
777 1204 841 1284 ipse
861 1204 944 1278 11111,
958 1204 1039 1265 utin
1054 1223 1088 1264 re

180 1289 309 1369 trepida,
325 1289 498 1368 inpavidus,
514 1287 652 1348 turbatos
674 1285 804 1358 ordines,
819 1295 957 1346 vertente
970 1305 1001 1344 se
1015 1305 1088 1363 quo-

181 1389 240 1449 que
254 1369 294 1428 sd
308 1369 443 1429 dissonos
458 1368 614 1442 clamores,
625 1368 749 1428 instruit
764 1375 798 1427 ut
813 1377 932 1445 tempus
943 1365 1089 1443 locusque

181 1450 316 1528 patitur;
337 1456 375 1521 11,
393 1468 585 1527 quecumque
610 1448 696 1509 adire
720 1447 881 1526 audirique
905 1445 1088 1526 1111111111-

129 1535 168 1596 15
182 1531 323 1591 hortatur
336 1549 373 1588 11
386 1538 467 1588 stare
481 1549 518 1588 11
534 1549 672 1607 pugnare
689 1529 794 1609 jubet:
819 1532 891 1588 ‘nec
912 1527 994 1587 enirn
1015 1526 1088 1585 inde

183 1611 262 1672 votis
283 1619 338 1669 aut
360 1608 564 1688 inploratione
587 1609 688 1684 deum,
703 1609 755 1669 sed
773 1610 806 1670 vi
829 1629 865 1668 ac
882 1609 998 1670 virtute
1018 1605 1088 1667 eva·

182 1689 316 1750 dendum
339 1709 418 1761 esse,
439 1708 494 1766 per
516 1689 631 1750 medias
654 1691 734 1751 acies
755 1690 836 1750 ferro
850 1689 934 1751 viam
956 1689 1031 1761 fieri,
1046 1697 1086 1761 et,

182 1790 243 1848 quo
256 1769 372 1829 timoris
386 1769 487 1829 minus
501 1770 550 1842 111,
566 1790 601 1830 eo
617 1771 717 1831 minus
738 1771 834 1832 ferme
853 1770 982 1851 periculi
1004 1768 1086 1829 esse!

182 1849 324 1910 Ceterum
344 1869 417 1928 prae
437 1850 567 1929 strepitu
581 1870 618 1911 11
633 1851 769 1912 tumultu
784 1873 840 1913 nec
855 1851 1016 1912 consilium
1029 1869 1087 1910 nec

129 1935 169 1996 20
183 1930 345 2008 imperium
367 1929 467 2008 accipi
491 1940 619 2009 poterat,
645 1941 828 2012 tentumque
850 1932 956 1993 aberet
976 1941 1011 1992 ut
1031 1951 1088 1991 111

182 2010 269 2088 signa
293 2019 385 2088 atque
407 2009 527 2071 ordines
548 2018 580 2071 ct
601 2011 702 2073 locum
726 2023 892 2087 noscerent,
913 2022 949 2074 ut
968 2013 1024 2073 vix
1046 2011 1088 2072 ad

183 2109 269 2149 11111
291 2090 440 2182 capienda
462 2091 657 2171 aptandaque
681 2115 801 2173 pugnae
826 2103 998 2174 conpeteret
1022 2093 1088 2152 ani·

184 2189 259 2242 mus,
284 2181 588 2250 opprimerenturque
614 2173 741 2252 quidam
769 2176 886 2236 onerati
914 2175 1012 2254 magis
1038 2172 1087 2235 his

183 2270 274 2328 quam
295 2250 376 2310 tecti.
419 2249 462 2310 Et
486 2262 552 2312 erat
577 2253 608 2312 in
634 2264 721 2315 tanta
746 2256 878 2335 caligine
898 2256 994 2336 major
1014 2273 1087 2315 usus

130 2335 170 2396 25
184 2332 304 2390 aurium
333 2350 426 2408 quam
454 2331 621 2393 oculorum.
676 2335 729 2395 Ad
763 2336 894 2415 gemitus
921 2336 1087 2398 vulnerum

183 2411 321 2490 ictusque
341 2430 502 2489 corporum
522 2422 577 2475 aut
599 2434 752 2476 armorum
774 2425 805 2478 et
825 2417 937 2486 mixtos
953 2426 1088 2495 strepen-

182 2492 260 2551 tium
289 2491 527 2570 paventiumque
563 2492 709 2556 clamores
744 2497 1000 2558 circumferebant
1031 2517 1087 2557 ora

182 2571 352 2650 oculosque.
394 2570 462 2631 Alii
486 2573 637 2652 fugientes
660 2577 865 2655 pugnantium
884 2577 976 2657 globo
995 2576 1087 2637 inlati

182 2649 366 2743 haerebont,
400 2652 476 2713 alios
510 2654 670 2716 redeuntes
697 2657 729 2716 in
757 2678 893 2738 pugnam
927 2657 1087 2718 avertebat

127 2736 168 2797 30
181 2731 364 2823 fugientrum
383 2751 511 2824 agmen.
568 2734 698 2810 Deinde,
726 2737 780 2798 ubi
808 2739 840 2798 in
868 2739 966 2800 omnis
989 2737 1087 2817 partis

180 2830 366 2890 nequiquam
381 2823 511 2892 impetus
527 2816 619 2894 cepti,
634 2824 665 2877 et
684 2817 724 2878 ab
746 2818 893 2880 lateribus
913 2828 1030 2879 montes
1049 2837 1087 2879 ac

180 2890 309 2984 111111
328 2891 428 2952 fronte
450 2903 481 2953 et
501 2893 540 2954 ab
563 2903 648 2975 tergo
664 2895 799 2959 hostium
820 2899 899 2960 acies
913 2896 1086 2972 claudebat,

179 2980 384 3050 apparuitque
405 2972 525 3033 nullam
547 2976 606 3036 nisi
627 2978 660 3036 in
682 2978 810 3039 dextera
824 2979 964 3058 ferroque
976 2977 1086 3039 salutis

178 3072 262 3130 spem
277 3072 348 3124 esse,
360 3062 426 3112 tum
441 3053 499 3112 sibi
515 3055 642 3134 quisque
654 3057 719 3118 dux
733 3059 971 3137 adhortatorque
985 3059 1086 3120 factus

126 3135 164 3195 35
179 3133 218 3191 ad
234 3153 298 3191 rem
312 3133 486 3210 gerendam,
501 3144 532 3194 ct
552 3155 633 3196 nova
653 3137 692 3198 de
712 3139 831 3218 integro
851 3149 959 3200 exorta
980 3159 1086 3218 pugne

179 3222 232 3303 est,
247 3231 307 3303 non
333 3212 389 3271 illa
411 3211 553 3272 ordinata
576 3235 630 3294 per
652 3218 805 3299 principes
827 3220 1024 3298 hastatosque
1047 3239 1085 3280 11

177 3299 308 3363 tnanos,
324 3310 387 3382 nec·
394 3301 428 3351 ut
442 3311 498 3369 pro
512 3293 607 3372 signis
621 3298 823 3378 antesignani,
839 3310 905 3380 post
919 3301 1007 3379 signa
1020 3299 1086 3359 alia

177 3379 328 3447 pugnaret
341 3389 429 3442 acres,
439 3390 495 3429 nec
507 3382 540 3431 ut
551 3374 583 3432 11
595 3395 650 3435 111
660 3377 779 3457 legione
790 3381 877 3440 miles
890 3389 946 3441 aut
959 3379 1085 3440 cohorte

176 3458 232 3508 aut
246 3448 402 3528 manipulo
417 3459 510 3522 essct;
525 3451 587 3514 fors
602 3455 815 3535 conglobabat,
830 3469 861 3520 et
874 3460 996 3521 animus
1009 3478 1084 3523 suus
