2616 3790
425 239 562 286 maun
589 239 682 305 xx1,
707 221 838 289 29-31.
1069 223 1131 288 109

172 399 357 478 indignatos
371 394 490 468 deinde,
504 395 596 474 quod,
610 395 793 474 quicumque
915 401 982 456 tum
995 393 1078 456 obse·

172 481 297 550 dissent,
311 476 399 538 velut·
414 474 452 536 ob
467 496 580 536 noxam
600 476 659 536 sibi
675 475 747 536 dedi
763 484 851 555 postu
886 485 932 536 ret
945 475 1076 555 popidus

156 559 341 629 ¹Romanus,
364 555 519 616 Hiberum
540 555 692 634 trajecisse
714 555 755 615 ad
779 554 943 615 delendum
966 574 1077 615 nomen

173 639 385 700 Romanorum
402 635 656 714 liberandumque
674 635 777 696 orbem
796 644 955 696 terrarum.
996 633 1074 694 Tum

172 718 288 780 nemini
309 717 410 779 visum
436 716 468 776 id
491 715 628 795 longum,
650 735 720 775 cum
745 714 785 775 ab
809 735 918 775 occasu
940 712 1012 774 solis
1035 713 1076 774 ad
1110 717 1130 778 b

173 808 299 860 exortus
332 797 526 859 intenderent
560 796 636 868 iter;
670 815 762 867 nunc,
790 802 951 874 postquam
978 793 1076 856 multo

172 879 319 958 majorem
348 887 467 956 partem
494 875 612 938 itineris
640 894 793 935 emensam
821 881 956 947 cernant,
983 872 1076 951 Pyre·

172 979 284 1018 naeum
305 957 419 1018 saltum
439 957 519 1017 iuter
538 955 738 1016 ferocissimas
761 962 866 1034 gentes
888 973 924 1013 su
948 963 1076 1025 eratum,

173 1037 371 1110 Rhodanum,
395 1045 516 1098 tantum
540 1055 670 1106 amnem,
696 1043 742 1095 tot
766 1032 890 1094 milibus
964 1032 1076 1094 llorum

172 1116 415 1197 prohibentibus,
435 1116 551 1176 domita
570 1115 663 1176 etiam
684 1114 779 1192 ipsius
799 1113 933 1174 fluminis
953 1113 995 1186 vi,
1015 1121 1076 1172 tra·
1091 1115 1130 1178 10

181 1199 301 1268 ectum,
316 1197 349 1255 in
363 1204 525 1274 conspectu
539 1194 631 1273 Alpis
644 1193 785 1266 habeant,
800 1213 930 1273 quarum
943 1193 1077 1254 alterum

186 1286 255 1337 atus
269 1275 382 1337 Italiae
394 1275 442 1348 sit,
457 1275 489 1334 in
504 1275 577 1354 ipsis
590 1274 686 1354 portis
700 1274 833 1335 hostium
849 1273 991 1352 fatigatos
1007 1271 1076 1332 sub

172 1355 410 1434 sistere—quid
424 1353 514 1434 Alpis
535 1354 621 1414 aliud
639 1374 701 1414 esse
717 1353 872 1414 credentes
886 1371 978 1431 quam
993 1371 1076 1412 mon·
1109 1379 1112 1384 ·

174 1436 253 1497 tium
267 1435 467 1496 altitudines?
497 1433 664 1514 Fingerent
678 1433 800 1494 altiores
812 1432 963 1512 Pyrenaei
973 1432 1074 1511 jugis;

174 1516 277 1576 nullas
300 1514 436 1594 profecto
459 1521 554 1574 terras
578 1513 697 1574 caelum
722 1513 896 1592 contingere
916 1531 972 1572 nec
993 1512 1076 1571 inex-
1091 1516 1130 1578 15

174 1594 361 1674 superabiles
375 1593 509 1653 humano
522 1594 626 1674 generi
640 1614 710 1655 esse.
751 1592 845 1672 Alpis
855 1591 977 1672 quidem
991 1589 1076 1650 habi·

174 1676 245 1748 tari,
269 1673 338 1747 ooli,
362 1673 486 1752 gignere
512 1683 604 1752 atque
631 1673 712 1735 alere
740 1673 927 1745 animantes;
954 1671 1075 1750 pervias

174 1755 279 1816 fauces
305 1773 367 1814 esse
395 1753 586 1814 exercitibus.
628 1753 690 1814 Eos
717 1753 806 1832 ipsos,
835 1772 910 1831 quos
940 1759 1075 1826 cernant,

173 1834 291 1914 legatos
304 1853 366 1895 non
379 1833 481 1913 pinnis
501 1832 631 1894 sublime
651 1833 746 1894 clatos
761 1831 853 1912 Alpis
866 1841 1074 1911 transgressos.

173 1915 223 1974 Ne
246 1914 374 1992 majores
399 1912 522 1991 quidem
546 1932 649 1973 eorum
674 1913 842 1991 indigenas,
865 1912 917 1972 sed
941 1911 1075 1974 advenas
1090 1915 1130 1979 20

174 1993 286 2054 Italiae
313 1991 443 2052 cultores
470 1992 525 2052 has
553 1991 633 2071 ipsas
661 1991 752 2071 Alpis
780 1992 954 2071 ingentibus
984 2011 1075 2071 saepe

95 2085 98 2090 '
173 2071 347 2153 agminibus
371 2092 441 2132 cum
465 2071 568 2132 liberis
595 2091 632 2132 ae
660 2072 849 2151 conjugibus,
874 2072 1074 2151 migrantium

172 2153 273 2225 modo,
288 2161 354 2212 tuto
369 2151 575 2212 transmisisse.
610 2151 707 2212 Militi
720 2151 844 2230 quidem
858 2160 984 2224 armato,
995 2149 1076 2210 nihil

171 2252 277 2294 seeum
286 2240 406 2310 praeter
416 2232 617 2292 instrumenta
628 2231 699 2292 belli
712 2231 857 2310 portanti,
867 2233 941 2311 quid
956 2231 1076 2291 invium

172 2321 228 2373 aut
255 2310 501 2389 inexsuperabile
527 2311 609 2371 esse?
649 2310 821 2390 Saguntum
845 2319 880 2372 ut
907 2319 1075 2390 caperetur,
1090 2313 1130 2376 25

172 2392 250 2472 quid
270 2411 325 2470 per
344 2400 412 2452 octo
433 2410 548 2450 menses
568 2391 707 2469 periculi,
721 2391 796 2470 quid
814 2390 928 2452 laboris
946 2390 1076 2450 exhaus-

172 2482 240 2534 tum
255 2471 337 2532 esse?
378 2469 518 2543 Romam,
530 2480 623 2549 caput
636 2470 718 2531 orbis
733 2481 892 2544 terrarum,
904 2469 1076 2550 petentibus

172 2553 338 2632 quicquam
357 2550 434 2610 adeo
454 2570 594 2628 asperum
615 2559 707 2629 atque
728 2551 859 2610 arduum
872 2550 980 2622 videri,
994 2549 1076 2628 quod

172 2633 331 2710 inceptum
358 2630 515 2690 moretur?
563 2629 685 2709 (lepisse
713 2631 867 2710 quondam
895 2629 1002 2692 Gallos
1029 2649 1075 2703 ca,

172 2732 254 2792 quae
283 2711 363 2770 adiri
396 2729 480 2788 posse
514 2709 634 2770 Poenus
669 2711 826 2790 desperet;
860 2710 988 2790 proinde
1022 2717 1077 2769 aut
1090 2712 1131 2776 30

173 2791 316 2852 cederent
346 2791 449 2850 animo
480 2799 572 2869 atque
600 2791 715 2851 virtute
742 2791 827 2869 genti
854 2811 909 2871 per
936 2801 985 2850 eos
1012 2789 1076 2848 dies

172 2871 284 2932 totiens
304 2869 344 2930 ab
364 2889 396 2929 se
410 2869 518 2943 victae,
533 2877 588 2930 aut
608 2870 725 2930 itineris
745 2870 836 2930 finem
857 2877 978 2949 sperent
997 2888 1077 2930 cam·

172 2971 247 3030 pum
262 2951 492 3029 interjacentem
507 2950 609 3010 Tiberi
624 2969 661 3010 ac
675 2949 832 3010 moenibus
846 2949 1012 3010 Romanis?

213 3029 344 3091 XXXI.
400 3028 460 3090 His
487 3028 752 3091 adhortationibus
780 3029 921 3090 incitatos
949 3047 1077 3108 corpora

172 3130 282 3173 curare
302 3119 395 3189 atque
415 3109 455 3169 ad
476 3109 534 3170 iter
553 3129 585 3170 se
605 3129 714 3188 parare
736 3108 833 3189 jubet.
875 3108 999 3170 Postero
1026 3108 1077 3168 die
1091 3110 1129 3172 35

171 3190 326 3272 profectus
340 3192 471 3250 adversa
484 3190 552 3268 ripa
566 3189 711 3249 Rhodani
721 3189 943 3248 mediterranea
954 3188 1077 3249 Galliae

171 3271 260 3352 petit,
274 3289 335 3330 non
357 3269 431 3348 quia
451 3272 560 3328 rectior
580 3269 620 3328 ad
634 3268 724 3346 Alpis
739 3269 790 3329 via
809 3276 893 3340 esset,
908 3267 969 3340 sed,
984 3286 1077 3344 quau·

172 3362 240 3411 tum
255 3371 275 3410 a
288 3349 367 3410 mari
381 3348 555 3420 recessisset,
571 3348 671 3406 minus
685 3347 810 3407 obvium
824 3347 889 3404 fore
903 3346 1077 3404 Romanum

173 3429 309 3501 credens,
337 3447 409 3488 cum
438 3446 507 3505 quo,
532 3427 710 3505 priusquam
737 3426 770 3484 in
798 3424 923 3483 Italiam
951 3429 1077 3481 ventum
