2616 3790
458 255 592 305 nnana
617 255 710 323 xxr,
737 239 846 305 9-10.
967 261 970 266 ·
1105 239 1146 308 91

196 412 425 495 legionibusque
439 413 536 487 vivat,
549 412 636 475 velut
654 413 813 474 materiam
827 413 892 493 igni
907 412 1095 493 praebentes,

195 497 235 557 ad
249 495 402 556 exercitus
415 494 547 554 misistis.
588 492 720 554 Aluistis
740 513 811 573 ergo
831 493 889 554 hoc
910 495 1095 567 incendium,

195 597 255 656 quo
282 594 366 635 nunc
392 573 514 634 ardetis.
556 572 728 652 Saguntum
755 573 847 636 vestri
876 574 1096 635 circumsedent

194 655 357 728 exercitus,
371 653 452 714 unde
472 661 614 714 arcentur
634 652 771 727 foedere;
790 673 863 714 mox
877 653 1095 734 Carthaginem

195 734 460 797 circumsedebunt
487 733 645 794 Romanae
671 731 814 812 legiones,
842 733 972 794 ducibus
998 734 1094 795 isdem
1129 735 1149 796 5

194 816 263 890 diis,
283 835 339 895 per
358 833 433 894 quos
453 813 553 894 priore
576 812 659 874 bello
682 821 774 892 rupta
793 812 916 874 foedera
935 821 1008 874 sunt
1026 813 1095 876 ulti.

194 895 310 959 Utrum
324 895 440 956 hostem
461 914 501 954 an
516 913 570 955 vos
589 913 631 954 an
651 892 805 954 fortunam
819 893 976 974 utriusque
989 895 1095 973 populi

195 974 363 1056 ignoratis?
403 973 534 1054 Legatos
554 972 595 1034 ab
614 973 704 1034 sociis
718 981 749 1033 et
763 992 818 1053 pro
838 972 927 1034 sociis
940 974 1095 1036 venientes

195 1055 292 1117 bonus
312 1056 478 1134 imperator
498 1063 597 1117 vester
617 1054 650 1113 in
672 1062 771 1114 castra
793 1073 856 1114 non
880 1052 1020 1127 admisit;
1044 1055 1095 1134 jus

194 1136 332 1214 gentium
345 1135 486 1207 sustulit;
507 1135 540 1194 hi
554 1143 666 1208 tamen,
678 1133 759 1194 unde
773 1152 811 1194 ne
826 1133 957 1194 hostium
971 1134 1093 1213 quidem
1110 1133 1149 1197 10

194 1215 288 1295 legati
302 1222 453 1288 arcentur,
467 1214 557 1294 pulsi,
566 1214 606 1275 ad
617 1235 671 1275 nos
681 1223 848 1285 venerunt;
863 1233 909 1274 res
923 1233 962 1274 ex
975 1214 1096 1276 lhederc

195 1305 391 1375 repetuntur;
412 1303 448 1355 ut
463 1294 589 1374 publica
608 1295 692 1354 fraus
712 1292 802 1366 absit,
816 1303 971 1354 auctorem
986 1294 1096 1374 culpae

195 1385 226 1437 et
252 1397 338 1436 reum
365 1375 502 1436 criminis
528 1374 702 1454 deposcunt
759 1374 831 1451 Quo
858 1373 958 1436 lenius
989 1384 1093 1453 agunt,

193 1454 314 1534 segnius
335 1455 495 1535 incipiunt,
516 1474 560 1528 eo,
581 1474 650 1516 cum
672 1455 836 1534 coeperint,
850 1475 958 1517 vereor
975 1473 1014 1515 ne
1030 1474 1095 1534 per·

194 1535 381 1597 severantius
408 1535 555 1596 saeviant.
604 1534 733 1614 Aegatis
760 1535 876 1596 insulas
903 1535 1096 1616 Erycemque
1111 1533 1149 1598 15

195 1625 266 1677 ante
280 1615 383 1676 oculos
397 1615 564 1694 proponite,
579 1635 658 1694 quae
677 1624 760 1676 terra
781 1616 920 1696 marique
937 1635 992 1696 per
1010 1625 1096 1696 quat·

194 1704 265 1757 tuor
285 1704 316 1757 et
331 1695 443 1774 viginti
463 1715 558 1756 annos
581 1695 659 1774 passi
678 1695 753 1757 sitis.
791 1695 861 1757 Neo
875 1716 952 1776 puer
965 1696 1016 1758 hic
1030 1697 1096 1757 dux

194 1785 269 1849 erat,
291 1775 345 1836 sed
369 1783 456 1854 pater
479 1775 544 1854 ipse
567 1774 741 1849 Hamilcar,
762 1775 847 1838 Mars
874 1777 963 1851 altor,
984 1785 1020 1838 ut
1044 1776 1094 1837 isti

193 1856 321 1928 volunt;
334 1855 387 1916 sed
401 1854 542 1928 Tarento,
554 1855 586 1914 id
599 1865 645 1916 est
659 1855 763 1930 Italia,
777 1877 839 1918 non
853 1856 1095 1919 abstinueramus

193 1955 234 1996 ex
260 1934 389 2008 foedere,
416 1934 496 1995 sicut
529 1955 612 1995 nunc
645 1935 783 2016 Sagunto
810 1957 872 1999 non
899 1938 1094 1998 abstinemus.
1110 1939 1149 2002 20

193 2015 347 2078 Viceruut
373 2035 445 2094 ergo
472 2014 516 2074 dii
542 2015 689 2089 homines,
718 2025 750 2077 et
779 2017 811 2078 id
839 2017 878 2078 de
905 2038 965 2097 quo
993 2017 1094 2080 verbis

192 2094 415 2174 ambigebatur,
437 2103 504 2154 uter
531 2094 662 2234 populus
682 2096 788 2157 foedus
808 2098 947 2177 rupisset,
968 2106 1095 2160 eventus

193 2175 277 2248 belli,
291 2174 379 2237 velut
398 2193 512 2253 aequus
528 2177 564 2254 ju
587 2195 636 2248 ex,
651 2177 733 2237 unde
755 2177 800 2237 'us
819 2178 930 2250 stabat,
953 2178 981 2238 ei
1000 2178 1095 2240 victo·

192 2256 272 2316 riam
286 2255 379 2315 dedit
420 2253 602 2334 Carthagini
623 2274 705 2317 nunc
761 2257 887 2318 annibal
909 2256 1013 2319 vineas
1033 2266 1096 2319 tur·

192 2354 301 2415 resque
321 2334 473 2407 admovet,
494 2332 691 2414 Carthaginis
717 2337 837 2399 moenia
864 2337 965 2416 quatit
991 2336 1093 2398 ariete.
1109 2337 1148 2400 25

192 2414 324 2494 Sagunti
351 2414 458 2475 ruinae
479 2413 588 2493 (falsus
616 2415 734 2478 utinam
754 2425 839 2479 vates
865 2417 956 2492 siml)
984 2417 1095 2478 nostris

193 2514 231 2556 ca
253 2494 346 2556 itibus
373 2493 518 2568 incident,
545 2505 778 2576 susceptumque
812 2516 881 2558 cum
916 2496 1094 2576 Saguntinis

193 2515 311 2636 bellurn
324 2572 499 2649 habendum
514 2595 585 2636 cum
599 2575 745 2637 Romania
760 2585 815 2638 eet.
856 2576 1010 2638 Dedemus
1022 2596 1094 2656 ergo

193 2655 426 2716 Hannibalem?
445 2655 527 2716 dicet
540 2655 661 2735 aliquis.
702 2656 771 2718 Scio
792 2677 892 2718 meam
912 2657 1011 2720 levem
1031 2676 1094 2718 esse

193 2736 226 2796 in
241 2756 276 2797 eo
290 2734 503 2796 auctoritatem
523 2745 648 2816 propter
667 2744 809 2816 paternas
829 2737 1022 2812 inimicitiam
1042 2736 1095 2798 sed
1109 2738 1149 2800 30

193 2824 225 2876 et
241 2815 453 2876 Hamilcarem
470 2835 505 2877 eo
522 2817 634 2896 perisse
653 2815 786 2878 laetatus
805 2837 882 2891 sum,
896 2817 988 2897 quod,
1001 2817 1027 2878 si
1041 2817 1096 2878 ille

194 2894 320 2969 viveret,
345 2895 459 2956 bellum
484 2896 549 2974 jam
578 2895 758 2957 haberemus
786 2917 857 2958 cum
884 2897 1042 2970 Romanis,
1064 2905 1096 2958 et

194 2975 278 3036 hunc
287 2975 431 3054 juvenem
445 2982 603 3054 tamquam
617 2975 730 3036 furiam
744 2975 901 3057 facemque
915 2978 1006 3058 hujus
1020 2976 1095 3039 belli

194 3055 247 3116 odi
266 3074 303 3116 ac
323 3055 470 3128 detestor;
490 3075 547 3117 nec
567 3055 740 3116 dedendum
760 3057 858 3117 solum
878 3058 919 3118 ad
938 3057 1095 3138 piaculum

194 3135 279 3213 rupti
293 3133 430 3207 foederis,
444 3135 506 3209 sed,
520 3135 546 3196 si
560 3155 648 3196 nemo
662 3135 815 3215 deposcat,
829 3137 1041 3199 devehendum
1061 3137 1093 3196 in
1108 3134 1147 3195 35

195 3215 320 3275 ultimas
346 3215 439 3276 maris
466 3223 677 3294 terrarumque
711 3235 788 3289 oras,
815 3215 1021 3295 ablegandum
1049 3235 1093 3286 eo,

195 3295 277 3354 unde
291 3314 346 3355 nec
360 3295 401 3355 ad
414 3315 468 3354 noe
482 3314 593 3354 nomen
606 3294 749 3372 famaque
763 3296 826 3373 ejus
840 3295 978 3354 accidere
997 3313 1094 3428 nepae

195 3374 250 3434 ille
269 3375 434 3435 sollicitare
455 3375 576 3452 quietae
595 3373 730 3434 civitatis
750 3382 863 3432 statum
884 3372 986 3448 possit.
1056 3387 1094 3455 ἕρ

195 3454 241 3515 ita
260 3473 375 3526 censeo,
390 3453 504 3532 legatos
528 3451 682 3530 extemplo
707 3451 839 3511 Romam
859 3448 1021 3508 mittendos
1041 3461 1094 3519 qur
