2616 3790
441 241 574 290 nrnna
598 239 712 306 xxm,
738 221 868 287 30-31.
1092 215 1155 282 175

204 425 285 466 mum
309 399 455 463 laudibus
479 397 520 460 ad
543 395 662 460 caelum
686 394 774 457 ferre.
815 392 879 456 Par
897 390 997 473 gloria
1019 389 1103 472 apud

204 482 415 545 Hannibalem
429 480 582 558 hostisque
595 477 712 538 Poenos
732 483 814 549 erat;
835 494 872 536 ac
892 483 959 535 tum
979 471 1103 534 demum

203 565 313 626 sentire
336 582 409 623 cum
433 559 581 621 Romanis
604 567 697 637 atque
716 555 750 617 in
770 555 865 616 Italia
886 553 1002 615 bellum
1024 571 1103 626 easc;

202 665 274 704 nam
295 641 419 704 biennio
440 649 511 702 ante
531 639 608 700 adeo
621 646 653 700 et
666 637 759 699 duces
779 635 933 697 Romanoe
947 641 977 695 et
991 632 1104 694 milites

202 730 389 804 spreverant,
414 729 449 781 ut
472 719 528 783 vix
555 739 626 781 cum
652 717 758 779 eadem
786 723 876 796 gente
903 713 1019 775 bellum
1041 731 1106 774 esse
1138 711 1159 773 5

203 805 370 876 crederent,
391 802 477 882 cujus
497 799 665 862 terribilem
685 797 801 858 famam
820 815 842 858 a
861 793 999 875 patribus
1021 813 1106 854 acce·

202 886 324 965 pissent
378 880 589 942 Hannibalem
615 897 735 958 quoque
761 897 802 938 ex
834 875 902 937 acis
928 873 1105 936 redeuntem

203 965 315 1026 dixisse
335 963 447 1036 ferunt,
469 960 593 1022 tandem
616 979 682 1019 eam
708 956 831 1032 nubem,
872 974 930 1016 uae
949 954 1052 1016 sedere
1072 954 1105 1014 iu

203 1047 286 1138 jugis
307 1042 460 1104 montium
479 1040 572 1102 solita
591 1039 640 1114 sit,
659 1058 730 1099 cum
750 1058 824 1119 proc
906 1034 1037 1096 imbrem
1057 1033 1159 1174 dre-1⁰

242 1146 376 1266 iiim.
419 1201 505 1263 Dum
525 1201 601 1262 haec
621 1207 771 1280 geruntur
791 1196 824 1258 in
844 1195 948 1270 Italia,
962 1194 1018 1258 On.
1040 1193 1106 1256 Ser·

203 1283 296 1346 vilius
323 1281 472 1344 Geminus
499 1279 613 1353 consul,
640 1299 709 1340 cum
738 1277 832 1339 classe
858 1285 971 1338 cautum
996 1276 1103 1356 uiginti

201 1363 329 1425 navium
343 1361 566 1422 circumvectus
580 1359 738 1420 Sardiniae
752 1365 783 1418 et
803 1356 943 1418 Corsicae
962 1377 1058 1430 oram,
1071 1364 1102 1418 et

201 1440 357 1502 obsidibus
378 1441 534 1520 utrimque
555 1439 694 1519 acceptis,
709 1440 743 1500 in
756 1438 898 1500 Africam
919 1438 1105 1514 transmisit;

201 1530 240 1594 et,
264 1521 445 1600 priusquam
467 1521 500 1579 in
524 1520 732 1581 continentem
755 1518 958 1580 escensionem
981 1519 1105 1594 faceret,
1121 1518 1160 1581 15

201 1600 325 1680 Menige
339 1600 441 1661 insula
455 1608 585 1672 vastata,
602 1608 634 1661 et
654 1599 694 1660 ab
714 1597 918 1660 incolentibus
935 1597 1106 1675 Cercinam,

201 1700 239 1742 ue
258 1690 290 1742 et
310 1681 445 1761 ipsorum
471 1689 611 1741 ureretur
636 1679 879 1760 diripereturque
898 1698 979 1758 ager,
1001 1679 1106 1741 decem

201 1760 325 1822 talentis
349 1760 469 1840 argenti
494 1759 634 1840 acceptis,
655 1759 696 1820 ad
720 1759 813 1820 litora
833 1759 961 1820 Africae
979 1760 1107 1822 accessit

202 1841 363 1921 copiasque
390 1840 540 1922 exposuit
583 1839 662 1901 Inde
689 1839 729 1900 ad
757 1839 970 1919 populandum
996 1861 1106 1920 agrum

201 1921 286 1982 ducti
301 1921 422 1996 milites,
438 1919 623 2000 navalesque
636 1920 709 1981 socii
721 1920 814 2000 juxta
827 1920 923 1995 effusi,
937 1941 974 1982 ac
993 1921 1020 1982 si
1042 1921 1104 1999 [in]
1121 1921 1161 1986 20

201 2001 309 2062 insulis
323 2002 477 2064 cultorum
498 2022 515 2063 e
536 2000 657 2062 entibus
678 2000 907 2081 praedarentur.
949 2001 966 2062 I
1022 2021 1060 2063 ue
1073 2003 1107 2063 in

200 2081 326 2143 insidias
346 2091 460 2144 temere
480 2023 581 2155 inlati,
596 2101 666 2142 cum
692 2101 712 2142 a
736 2080 987 2165 frequentibusp
1062 2093 1107 2146 tes

200 2181 237 2223 ac
258 2162 397 2224 locorum
418 2163 519 2242 ignari
544 2183 564 2224 a
587 2162 692 2242 gnaris
712 2162 1016 2238 circumvenirentur,
1036 2185 1106 2225 cum

200 2242 300 2303 multa
320 2242 412 2303 caede
431 2263 468 2304 ac
487 2242 578 2305 foeda
597 2242 673 2323 fuga
692 2252 774 2304 retro
794 2243 835 2304 ad
855 2263 949 2306 naves
967 2264 1024 2306 con
1047 2244 1107 2305 ulsi

201 2331 281 2383 sunt.
323 2322 377 2383 Ad
390 2323 475 2384 mille
489 2323 657 2397 hominum,
668 2344 738 2385 cum
753 2323 790 2384 iis
804 2323 981 2404 Sempronio
996 2265 1107 2386 Blaeso
1121 2325 1161 2388 25

202 2411 361 2482 quaestore
380 2404 498 2478 amisso,
514 2404 626 2478 classis,
642 2403 682 2465 ab
703 2404 845 2467 litoribus
859 2405 992 2467 bostium
1010 2406 1108 2486 plenis

201 2482 321 2562 trepide
341 2483 449 2557 soluta,
464 2484 497 2544 in
519 2484 657 2546 Siciliam
673 2506 796 2547 cursum
809 2486 918 2559 tenuit,
933 2487 1108 2568 traditaque

202 2561 346 2642 Lilybaei
363 2563 397 2624 T.
413 2563 548 2626 Otacilio
574 2567 717 2645 praetori,
739 2575 775 2628 ut
798 2566 839 2628 ab
864 2566 966 2646 legato
986 2568 1050 2648 ejus
1070 2568 1105 2631 P.

202 2643 309 2704 Cincio
323 2643 454 2704 Romam
469 2646 673 2708 reduceretur.
715 2647 794 2727 Ipse,
805 2668 861 2728 per
874 2647 1011 2710 Siciliam
1025 2649 1107 2728 pedi·

202 2721 259 2783 bus
283 2724 444 2803 profectus,
470 2727 548 2788 freto
574 2727 607 2786 in
633 2727 759 2789 Italiam
783 2729 914 2809 trajecit,
935 2729 1045 2790 litteris
1067 2729 1106 2807 Q.
1121 2729 1158 2792 30

203 2802 295 2863 Fabii
315 2803 432 2865 accitus
451 2815 482 2867 et
503 2807 568 2887 ipse
589 2816 620 2869 et
641 2807 769 2888 conlega
788 2810 853 2888 ejus
873 2809 916 2870 M.
931 2809 1057 2883 Atilius,
1071 2819 1107 2871 ut

202 2885 354 2978 exercitus
375 2884 414 2945 ab
431 2905 471 2962 se,
487 2897 596 2949 exacto
612 2888 680 2969 jam
699 2909 795 2969 prope
814 2890 950 2951 semestri
969 2890 1106 2971 imperio,

203 2974 385 3044 acciperent.

242 3043 389 3106 Omnium
405 3067 499 3127 prope
514 3047 639 3110 annales
654 3049 786 3111 Fabium
801 3050 982 3113 dictatorem
1001 3052 1107 3116 adver-

202 3144 254 3186 sus
268 3123 480 3188 Hannibalem
494 3149 558 3189 rem
572 3129 696 3209 gessisse
709 3131 853 3204 tradunt3
875 3131 996 3193 Coelius
1013 3134 1107 3194 etiam
1121 3129 1158 3194 35

204 3225 275 3266 eum
295 3207 429 3285 primum
450 3228 469 3269 a
489 3209 603 3288 populo
627 3219 765 3288 creatum
788 3211 968 3273 dictatorem
991 3212 1106 3274 scribit.

204 3284 264 3346 Sed
279 3295 309 3347 et
323 3287 460 3349 Coelium
482 3297 513 3350 et
533 3299 647 3351 ceteros
667 3289 756 3369 fugit,
770 3291 825 3350 uni
839 3292 960 3368 consuli
971 3291 1026 3352 Gn.
1041 3291 1107 3351 Ser-

204 3367 290 3441 vilio,
304 3367 357 3448 qui
372 3376 439 3428 tum
452 3369 560 3447 procul
575 3370 607 3428 in
621 3369 729 3430 Gallia
749 3369 909 3448 provincia
930 3369 1044 3438 aberat,
1056 3370 1107 3442 jus

204 3447 297 3508 fuisse
316 3447 439 3509 dicendi
459 3447 634 3521 dictatoris;
655 3467 748 3526 quam
771 3466 887 3507 moram
909 3445 982 3522 quia
1001 3461 1108 3519 expec-
