2616 3790
138 185 200 250 136
304 200 516 250 r1r1n1v1
544 199 599 246 nn
625 198 742 248 vana
772 196 965 244 counrrA
1004 253 1007 262 ‚

185 357 279 431 ducit,
295 377 361 418 eam
382 377 422 436 qu
463 376 501 417 ue
521 363 653 435 gentem,
666 354 748 416 sieut
769 353 878 415 Gallos
892 353 1093 434 Liguresque,

187 447 242 498 aut
269 438 301 499 vi
332 446 386 497 aut
414 457 452 498 vo
466 444 572 496 untate
605 436 815 496 ad'uncturus.
871 434 1095 495 Transeuntcm

188 517 388 597 Apenninum
408 514 485 576 adeo
505 524 596 576 atrox
615 457 726 575 adorta
740 523 905 594 tempestas
919 523 973 588 est,
988 523 1024 575 ut
1037 513 1095 574 Al·

117 673 118 676 *
187 599 272 676 pium
297 617 391 676 prope
411 596 589 656 foeditatem
608 595 807 674 superaverit.
848 594 953 656 Vento
976 595 1095 654 mixtus

154 678 174 738 5
188 677 285 737 imber
299 696 371 750 eum·
384 676 513 735 ferretur
525 675 558 735 in
572 675 639 754 ipsa
653 695 715 748 ora,
730 675 839 754 primo,
851 675 924 755 quia
938 683 993 735 aut
1006 694 1096 734 arma

187 757 355 818 omittenda
376 764 464 816 erant
485 765 540 815 aut
560 763 668 816 contra
687 756 836 816 enitentes
850 755 965 818 vertice
985 755 1095 815 intorti

187 836 422 916 adfligebantur,
437 836 614 909 constitere;
635 835 716 909 dein,
730 857 802 897 eum
810 837 878 916 jam
892 835 1034 914 spiritum
1049 835 1096 895 in·

187 915 322 977 eluderet
346 936 401 978 nee
431 917 619 996 reciprocare
646 917 783 976 animam
809 917 932 990 sineret,
953 915 1054 978 aversi
1074 935 1096 975 a

186 1007 277 1057 vento
298 1017 463 1077 parumper
483 995 652 1057 consedere.
692 995 771 1055 Turn
786 1017 859 1058 vero
880 995 999 1075 ingenti
1019 1015 1095 1057 sono

134 1077 173 1140 10
187 1076 304 1136 eaelum
325 1088 467 1157 strepere,
483 1084 514 1137 et
533 1076 615 1137 inter
634 1076 802 1137 horrendos
822 1077 959 1156 fragores
979 1077 1096 1136 micare

119 1160 128 1176 ⁴
186 1156 287 1234 ignes;
309 1177 345 1216 ca
368 1157 393 1216 ti
414 1157 540 1218 auribus
560 1165 592 1216 ct
611 1156 708 1217 oculis
729 1166 814 1217 metu
832 1170 937 1217 ornnes
954 1165 1094 1237 torpere;

185 1235 308 1302 tandem
323 1177 416 1298 eduae
433 1236 540 1310 imbre,
555 1257 625 1297 cum
638 1256 674 1297 eo
688 1238 786 1316 magis
804 1257 932 1298 accensa
945 1237 993 1300 vis
1007 1237 1094 1298 venti

185 1324 269 1387 esset,
284 1317 349 1394 ipso
363 1317 417 1378 illo
434 1338 493 1396 quo
510 1317 650 1397 deprensi
664 1326 753 1378 erant
772 1317 840 1379 loco
861 1326 962 1378 eastra
979 1337 1095 1397 ponere

185 1397 385 1456 necessarium
401 1399 501 1458 visum
517 1407 570 1458 est.
613 1397 653 1457 Id
667 1418 739 1459 vero
753 1395 868 1458 laboris
883 1397 970 1460 velut
988 1398 1028 1458 de
1048 1397 1094 1457 in·

133 1476 172 1539 15
186 1485 271 1554 tegre
284 1476 408 1536 initium
424 1477 500 1550 fuit3
522 1497 595 1537 narn
609 1497 665 1537 nee
679 1477 836 1557 explicare
850 1478 1016 1558 quicquam
1036 1497 1095 1539 nee

184 1565 317 1616 statuere
331 1566 482 1635 poterant,
497 1578 553 1619 nee
567 1557 650 1636 quod
669 1566 820 1618 statutum
840 1567 918 1619 esset
937 1557 1094 1633 manebat,

184 1636 288 1695 omnia
302 1637 514 1715 perscindente
527 1646 620 1700 vento
633 1646 664 1698 et
677 1637 824 1717 rapiente.
866 1637 910 1698 Et
923 1659 997 1700 mox
1011 1659 1095 1718 aqua

185 1715 289 1776 levata
308 1725 409 1789 vento,
432 1734 502 1777 eum
522 1738 614 1798 super
633 1717 737 1797 gelida
757 1717 908 1786 montium
924 1719 1003 1798 juga
1023 1739 1094 1779 con·

186 1803 269 1854 creta
283 1804 367 1869 esset,
383 1805 505 1857 tanturn
526 1799 650 1859 nivosae
669 1799 829 1877 grandinis
846 1797 966 1877 dejecit,
979 1807 1016 1859 ut
1029 1819 1094 1860 om·

132 1873 276 1938 renibus
290 1876 406 1937 omissis
421 1879 655 1956 procumberent
667 1878 815 1952 homines,
828 1879 1015 1958 tegminibus
1029 1879 1094 1940 suis

186 1955 281 2034 magis
306 1954 408 2016 obruti
433 1978 526 2036 quam
550 1958 641 2030 tecti3
662 1965 811 2038 tantaque
832 1959 879 2021 vis
900 1958 1022 2038 frigoris
1047 1959 1094 2018 in·

101 2066 104 2073 ·
185 2046 288 2095 secuta
312 2044 365 2108 est,
389 2045 423 2097 ut
448 2057 487 2096 ex
511 2038 568 2098 illa
593 2036 761 2098 miserabili
789 2039 948 2099 hominum
971 2040 1094 2119 jumen·

186 2123 347 2194 torumque
367 2125 468 2196 strage
489 2138 558 2178 cum
578 2139 609 2179 se
630 2117 756 2198 quisque
775 2119 924 2179 extollere
936 2139 973 2180 ae
987 2118 1095 2180 levare

187 2194 289 2268 vellet,
310 2196 363 2256 diu
386 2198 535 2276 nequiret,
550 2200 632 2277 quia,
647 2198 838 2338 torlpentibus
858 2199 959 2278 rigore
978 2201 1093 2274 nervis,

134 2276 173 2337 25
187 2275 241 2337 vix
256 2275 377 2337 flectere
395 2286 479 2338 artus
491 2287 642 2358 poterant
717 2279 813 2352 einde‚
828 2288 863 2340 ut
882 2279 1007 2340 tandem
1029 2281 1094 2360 agi·

188 2355 280 2416 tando
301 2377 364 2417 sese
385 2378 506 2419 movere
527 2379 564 2418 ac
585 2359 719 2438 recipere
738 2359 856 2420 animos
873 2368 904 2419 et
919 2360 997 2420 raris
1016 2359 1094 2421 loeis

187 2435 266 2515 ignis
280 2436 346 2496 fieri
360 2446 404 2498 est
418 2446 550 2518 coeptus,
561 2438 602 2498 ad
617 2439 750 2500 alienam
764 2460 853 2518 opem
867 2439 993 2518 quisque
1003 2441 1093 2519 inops

188 2516 319 2577 tendere.
362 2517 497 2577 Biduum
525 2539 560 2579 eo
587 2518 654 2579 loco
682 2519 769 2580 velut
795 2519 906 2579 obsessi
933 2540 1072 2580 mansere
1084 2541 1093 2593 ;

188 2596 279 2656 multi
293 2597 439 2670 homines,
454 2598 552 2658 multa
568 2599 718 2678 jumenta,
733 2599 890 2677 elephanti
910 2620 1031 2678 quoque
1052 2621 1093 2660 ex

135 2678 175 2739 30
189 2676 234 2816 iip),
249 2677 303 2754 qui
316 2677 431 2756 proelio
445 2678 485 2738 ad
495 2677 638 2739 Trebiam
649 2680 731 2756 facto
745 2679 967 2759 superfuerant,
975 2688 1094 2760 septem

188 2777 207 2817 a
229 2777 294 2816 sum
317 2757 351 2818 ti.
513 2767 514 2770 ’

229 2777 319 2898 Irni
361 2837 526 2918 Degressus
548 2838 712 2920 Apennino
732 2848 814 2902 retro
838 2839 879 2901 ad
899 2839 1095 2902 Placentiam

189 2927 289 2979 castra
303 2919 408 2992 movit,
422 2933 453 2979 et
467 2921 507 2980 ad
521 2920 625 2982 decern
644 2922 731 2982 milia
749 2942 924 3002 progressus
944 2921 1092 2984 consedit.

189 2998 313 3060 Postero
334 2999 384 3060 die
404 3000 564 3060 duodecim
584 3001 671 3062 milia
691 3002 839 3082 pediturn,
854 3003 989 3082 quinque
1010 3004 1093 3082 equi-

136 3081 175 3141 35
188 3088 255 3139 tum
276 3080 421 3141 adversus
441 3079 558 3141 hostem
580 3080 674 3155 ducit,
688 3103 744 3143 nee
765 3082 962 3161 Sempronius
984 3083 1092 3144 consul

191 3159 272 3238 (jam
287 3159 367 3219 enim
387 3159 519 3220 redierat
540 3159 580 3220 ab
600 3161 714 3240 Roma)
730 3162 913 3225 detrectavit
927 3172 1089 3227 certamen.

189 3238 293 3317 Atque
316 3258 351 3297 eo
376 3239 425 3298 die
448 3239 509 3298 tria
533 3240 620 3300 milia
665 3241 764 3302 aserim
787 3243 868 3304 inter
891 3243 966 3304 bina
990 3254 1093 3306 castra

189 3317 293 3389 fuere3
313 3325 431 3394 postero
452 3318 501 3377 die
521 3261 696 3397 ingentibus
717 3323 836 3396 animis,
858 3325 944 3386 vario
967 3336 1091 3400 eventu,

188 3404 360 3475 pugnatum
381 3404 433 3456 est.
475 3396 579 3458 Primo
604 3419 752 3461 concursu
776 3404 852 3464 adeo
876 3425 923 3464 res
949 3405 1092 3468 Romana
