2572 3790
482 261 617 310 crana
642 261 668 329 1,
694 243 827 311 47-48.
1107 241 1150 310 ot

197 417 311 492 sedens,
330 426 432 498 patres
455 418 489 479 in
512 419 628 480 curiam
653 437 708 498 per
730 437 909 498 praeconem
933 415 973 478 ad
995 435 1098 497 regem

197 498 400 580 Tarquinium
420 498 509 559 citari
525 499 624 578 jussit
666 497 842 559 Convenere
862 497 1025 577 extemplo
1043 497 1097 557 alii

199 580 265 659 jam
279 588 352 640 ante
368 578 407 638 ad
423 579 480 639 hoc
491 578 676 658 praeparati,
684 577 739 639 alii
754 589 846 649 metu,
855 597 893 637 ne
907 597 967 638 non
983 577 1099 639 vennae

197 659 300 720 fraudi
314 667 400 731 esset,
415 657 552 720 novitate
565 677 603 719 ac
616 656 766 719 musculo
784 657 906 718 attoniti
926 665 957 718 et
973 658 1038 738 jam
1059 656 1099 717 de

196 738 302 802 Servio
316 747 421 800 actum
435 738 504 798 rati.
1132 737 1152 798 5

236 819 287 880 Ibi
301 818 486 899 Tarquinius
506 817 672 878 maledicta
692 816 732 877 ab
752 816 847 896 stirpe
867 815 977 878 ultima
997 837 1098 878 orsus:

200 902 345 962 ‘servum
373 918 521 979 servaque
548 906 666 971 natum,
688 905 757 977 post
784 906 911 957 mortem
940 897 1098 976 indignam

196 980 331 1058 parentis
357 979 414 1053 sui,
441 999 504 1041 non
531 978 714 1056 interregno,
734 986 770 1038 ut
798 987 898 1050 antea,
923 977 1009 1050 inito,
1036 997 1098 1037 non

197 1061 326 1121 comitiis
340 1059 463 1134 habitis,
477 1080 538 1120 non
575 1078 608 1119 er
622 1057 800 1137 suffragium
815 1057 931 1137 populi,
945 1077 1006 1120 non
1028 1077 1099 1118 cue·

196 1140 313 1200 toribus
333 1141 480 1220 patribus,
502 1080 646 1200 mullebri
670 1138 751 1199 dono
775 1159 904 1218 regnum
928 1157 1098 1218 occupasse.
1113 1134 1154 1198 10

197 1218 246 1280 Ita
266 1229 384 1293 uatum,
399 1221 443 1281 ita
457 1229 592 1281 creatum
606 1239 718 1298 regem,
735 1219 884 1280 fautorem
900 1219 998 1279 infimi
1011 1238 1099 1298 gene·

196 1300 237 1360 ris
250 1299 419 1373 hominum,
433 1321 472 1361 ex
487 1321 547 1379 quo
561 1301 625 1380 ipse
637 1301 686 1374 sit,
702 1301 773 1362 odio
793 1299 912 1361 alienae
933 1299 1099 1361 honestatis

196 1390 332 1459 ereptum
348 1380 533 1460 primoribus
552 1400 661 1460 agrum
676 1381 883 1443 sordidissimo
899 1381 1009 1459 cuique
1022 1380 1100 1441 divi·

195 1460 283 1533 sisse;
298 1461 401 1521 omnia
414 1481 515 1534 onera,
527 1480 605 1541 quae
619 1462 793 1523 communia
807 1460 961 1540 quondam
975 1460 1098 1533 fuerint,

195 1539 356 1601 inclinasse
376 1541 409 1600 in
429 1541 576 1620 primores
596 1541 749 1614 civitatis;
779 1542 944 1602 instituisse
966 1537 1153 1615 censum,15

196 1628 232 1680 ut
250 1620 437 1700 insignis-ad
458 1621 608 1682 invidiam
629 1621 864 1702 locupletiorum
883 1623 1006 1683 fortuna
1024 1632 1100 1682 esset

196 1709 226 1761 et
260 1710 357 1775 arata,
371 1701 461 1774 unde,
476 1700 531 1763 ubi
544 1701 646 1776 vellet,
661 1703 862 1782 egentissimis
878 1702 1061 1783 largiretur?

270 1780 393 1844 LVIII.
435 1781 521 1841 Huic
534 1782 664 1844 orationi
686 1782 811 1845 Servius
832 1804 901 1845 cum
923 1784 1099 1846 intervenis-

194 1869 240 1921 set
261 1861 380 1941 trepido
405 1861 513 1922 nuntio
541 1863 702 1936 excitatus,
725 1865 878 1944 extemplo
899 1885 924 1926 a
947 1866 1098 1926 vestibulo

194 1941 299 2001 curiae
321 1961 435 2022 magna
454 1961 529 2003 voce
550 1943 652 2022 “quid
673 1944 760 2004 hoc’'
780 1945 890 2025 inquit,
914 1950 931 1977 “
941 1945 1097 2026 Tarquini,
1113 1943 1153 2007 20

194 2020 239 2081 rei
266 2021 333 2082 esti
353 2041 415 2101 qua
441 2031 475 2084 tu
503 2021 635 2084 audacia
662 2043 711 2084 me
731 2025 804 2087 vivo
826 2045 937 2088 vocare
957 2047 1047 2087 ausus
1067 2047 1098 2088 es

194 2109 296 2180 patres
316 2103 423 2163 autin
442 2101 513 2164 sede
533 2103 688 2165 considere
709 2105 825 2166 meal”
862 2105 941 2168 Cum
957 2106 1010 2167 ille
1024 2107 1098 2168 fero

194 2181 271 2242 citer
297 2181 338 2242 ad
365 2181 457 2246 haec:
479 2186 538 2244 “se
557 2183 654 2263 patris
674 2185 722 2246 sui
744 2194 847 2248 tenere
868 2186 978 2261 sedem,
1001 2187 1098 2248 multo

194 2281 287 2340 quam
306 2281 426 2324 servum
441 2261 588 2342 potiorem
609 2263 708 2326 filium
731 2267 810 2346 regis
831 2267 918 2346 regni
940 2266 1098 2340 heredem;

193 2341 268 2402 satis
291 2341 381 2402 illum
403 2344 457 2403 diu
481 2363 536 2423 per
557 2343 715 2406 licentiam
741 2346 914 2408 eludentem
938 2347 1100 2408 insultasse
1114 2347 1154 2408 25

193 2421 355 2496 dominis,''
375 2423 492 2484 clamor
512 2424 552 2486 ab
573 2425 733 2505 utriusque
756 2427 926 2488 fautoribus
947 2428 1053 2501 oritur,
1068 2436 1099 2488 et

194 2521 358 2563 concursus
372 2503 478 2584 populi
492 2503 586 2566 fiebat
600 2504 632 2565 in
648 2507 776 2580 curiam,
788 2507 1024 2587 apparebatque,
1035 2529 1100 2588 reg·

194 2591 349 2654 naturum,
370 2585 423 2662 qui
444 2584 573 2646 vicisset
616 2585 695 2646 Tum
716 2587 910 2666 Tarquinius,
924 2589 1101 2651 necessitate

195 2662 262 2742 jam
272 2663 366 2723 etiam
377 2664 442 2742 ipsa
453 2674 579 2746 cogente
590 2665 702 2727 ultima
713 2667 834 2740 audere,
844 2668 942 2729 multo
955 2677 986 2729 et
1000 2679 1100 2730 aetate

194 2750 226 2804 et
239 2742 356 2804 viribus
369 2744 510 2818 validior,
526 2745 661 2806 medium
683 2747 794 2826 arripit
813 2748 952 2810 Servium
973 2748 1099 2809 elatum·
1114 2750 1153 2812 30

194 2842 254 2901 quo
268 2843 285 2883 e
299 2823 385 2884 curia
399 2825 431 2883 in
446 2825 621 2886 inferiorem
640 2836 760 2905 partem
781 2847 835 2908 per
854 2828 968 2907 gradus
989 2829 1099 2904 deicit;

193 2902 267 2963 inde
291 2903 332 2963 ad
356 2905 526 2984 cogendum
552 2915 692 2967 senatum
718 2907 750 2967 iu
775 2909 892 2968 curiam
916 2909 1004 2971 redit.
1046 2910 1099 2971 Fit

194 2982 270 3062 fuga
289 2984 368 3063 regis
389 2985 601 3064 apparitorum
623 2996 715 3067 atque
736 2989 899 3061 comitu1u;
921 2989 985 3068 ipse
1004 3010 1099 3069 prope

194 3065 357 3143 exsanguis
378 3064 419 3125 ab
438 3065 485 3140 iis,
505 3065 559 3146 qui
579 3067 662 3127 missi
683 3066 723 3127 ab
744 3067 912 3147 Tarquinio
932 3069 1099 3149 fugientem

195 3145 348 3205 consecuti
376 3155 472 3219 erant,
502 3146 694 3208 interficitur.
752 3147 904 3221 Creditur,
933 3151 1007 3229 quia
1037 3170 1098 3210 non
1113 3151 1153 3212 35

194 3222 339 3285 abhorret
362 3245 381 3285 a
403 3234 502 3287 cetero
525 3224 646 3300 scelere,
662 3228 820 3288 admonitu
843 3228 964 3289 Tulliae
985 3229 1016 3289 id
1038 3229 1099 3290 fac·

194 3311 270 3364 tum.
313 3304 466 3383 Carpento
481 3315 572 3378 certe,
582 3305 615 3365 id
629 3307 710 3385 quod
725 3308 798 3367 satis
814 3318 942 3379 constat,
952 3309 984 3367 in
998 3309 1099 3368 forum

194 3383 326 3456 invecta,
336 3405 392 3444 nec
407 3387 538 3446 reverita
552 3396 672 3446 coetum
686 3386 833 3458 virorum,
843 3387 983 3446 evocavit
997 3386 1099 3446 virum

194 3484 212 3523 e
227 3464 321 3537 curia,
332 3483 492 3544 regemque
506 3465 608 3544 prima
621 3463 800 3542 appellavit.
841 3463 874 3522 A
883 3483 943 3541 quo
954 3464 1099 3522 facessere
