2616 3790
458 217 593 265 nraan
617 218 714 285 xxr,
741 201 872 268 61-62.
1101 196 1165 266 139

207 373 307 437 manis
341 373 492 436 sociorum
520 382 628 435 vastat.
680 373 794 436 Excito
826 374 937 436 deinde
970 373 1020 436 Sei
1043 393 1112 436 rone

207 455 353 527 hibernis,
371 462 436 516 toto
449 454 492 515 cis
506 453 659 515 Hiberum
673 475 776 515 rursus
791 454 874 515 cedit
885 473 968 534 agro.
1007 395 1112 535 &ipio

208 535 346 596 relictam
374 533 414 594 ab
443 542 569 594 auctore
595 533 770 595 defectionis
797 534 964 614 Ilergetum
990 542 1112 614 gentem

207 635 276 676 cum
301 614 411 675 infesto
433 614 573 674 exercitu
597 614 765 688 invasisset,
791 613 944 694 conpulsis
971 613 1111 676 omnibus

206 695 403 774 Atanagrum
419 694 535 768 urbem,
551 713 628 772 quae
649 702 742 773 caput
762 694 826 774 ejus
883 694 950 774 puli
966 702 1040 768 erat,
1055 695 1111 756 cir-
1145 694 1166 756 5

208 775 365 848 cumsedit,
379 774 522 854 intraque
544 773 607 834 dies
627 793 749 854 paucos,
766 773 848 854 plurr
871 793 907 834 us
927 793 1019 853 quam
1040 783 1112 835 ante

206 854 362 916 obsidibus
375 855 541 934 imperatis,
559 853 704 932 Ilergetes
775 854 848 914 unia
861 854 954 915 etiarn
968 855 1112 916 multatos

206 936 239 994 iu
249 936 300 1015 jus
314 935 525 1015 dicionemque
539 935 662 1014 recepit
723 933 784 995 nde
794 934 827 994 in
838 933 1009 995 Ausetanos
1019 953 1113 1014 prope

206 1015 370 1089 Hiberum,
390 1015 486 1076 socios
507 1023 537 1075 et
559 1014 639 1094 ipsos
662 1013 843 1087 Poenorum,
858 1014 1006 1108 procedit,
1020 1024 1113 1095 atque

205 1094 282 1155 urbe
308 1115 413 1155 eorum
442 1095 568 1168 obsessa,
597 1095 769 1155 Lacetanos
796 1093 947 1155 auxilium
975 1093 1113 1156 finitimis
1127 1093 1166 1157 10

205 1174 333 1236 ferentes
357 1183 455 1248 nocte,
476 1174 559 1235 haud
586 1174 693 1255 procul
715 1175 780 1254 jam
802 1173 886 1248 urbe,
908 1194 976 1235 cum
997 1175 1113 1236 intrare

204 1255 330 1329 vellent,
344 1255 466 1335 excepit
481 1254 607 1316 insidiis.
653 1254 749 1316 Caesa
770 1255 810 1315 ad
829 1253 989 1316 duodecim
1007 1254 1111 1328 milia3

205 1337 291 1396 exuti
306 1355 400 1414 prope
414 1355 516 1396 ornnes
537 1335 630 1396 armis
654 1335 759 1396 domos
846 1334 888 1394 im
907 1334 1045 1414 palantes
1058 1353 1113 1414 per

205 1435 293 1494 agros
304 1414 461 1494 diffugere,
472 1435 528 1476 nec
539 1414 671 1476 obsessos
688 1415 750 1476 alia
761 1435 783 1476 u
797 1414 830 1474 la
843 1434 890 1474 res
900 1433 993 1494 quam
1007 1414 1113 1495 iniqua

204 1495 454 1575 oppugnantibus
475 1495 571 1556 hiems
597 1483 767 1556 tutabatur.
811 1493 952 1572 Triginta
975 1493 1039 1554 dies
1062 1493 1113 1554 ob
1127 1493 1167 1557 15

204 1576 282 1636 sidio
296 1575 365 1646 fuit,
380 1595 435 1654 per
447 1595 523 1654 quos
537 1595 606 1636 raro
622 1595 770 1654 umquam
785 1574 842 1634 nix
855 1574 956 1634 minus
969 1581 1114 1653 quattuor

204 1655 296 1736 pedes
316 1655 381 1716 alta
397 1656 506 1735 jacuit,
527 1654 663 1734 adeoque
686 1655 807 1736 pluteos
827 1675 864 1716 ac
878 1654 983 1716 vineas
1003 1653 1114 1715 Roma·

204 1755 314 1796 norum
328 1743 498 1815 operuerat,
514 1744 549 1796 ut
563 1755 599 1796 ea
613 1735 687 1809 sola,
703 1735 827 1814 ignibus
842 1734 1025 1814 aliquotiens
1045 1754 1113 1795 con-

206 1816 295 1896 jectis
309 1814 349 1875 ab
363 1816 457 1889 hoste,
472 1816 565 1876 etiam
580 1824 789 1876 tutamentum
804 1814 906 1876 fuerit
948 1814 1113 1889 Postremo,

205 1915 277 1957 oum
291 1895 456 1956 Amusicus
469 1895 611 1975 princeps
625 1915 730 1956 eorum
751 1895 791 1955 ad
806 1893 1034 1956 Hasdrubalem
1041 1915 1114 2035 pro·
1128 1896 1168 1960 20

205 1975 341 2055 fugisset,
348 1975 462 2055 viginti
474 1975 593 2054 argenti
605 1975 729 2036 talentis
742 1975 826 2056 pacti
838 1974 1000 2036 deduntur.

205 2075 347 2116 raconem
362 2056 394 2115 in
408 2054 538 2116 hiberna
551 2054 684 2116 reditum
699 2064 752 2118 est

246 2135 354 2196 LXII.
397 2135 514 2196 Romae
535 2145 590 2196 aut
611 2135 692 2196 circa
713 2135 821 2197 urbem
843 2136 943 2198 multa
960 2157 997 2198 ea
1014 2137 1114 2198 hieme

205 2215 347 2296 prodigia
360 2215 451 2289 facta,
466 2223 530 2289 aut,
545 2215 628 2294 quod
643 2216 765 2278 evenire
779 2217 856 2279 solet
872 2218 961 2279 motis
975 2217 1066 2278 semel
1081 2217 1114 2277 in

205 2296 384 2375 religionem
398 2297 517 2370 animis,
534 2295 632 2356 multa
648 2297 791 2357 nuntiata
813 2306 843 2358 et
865 2305 977 2358 temere
997 2297 1114 2358 credita
1128 2296 1168 2358 25

206 2386 287 2449 sunt,
302 2376 426 2455 inquis,
440 2375 609 2456 ingenuum
632 2376 781 2437 infantem
803 2385 975 2440 semestrem
995 2378 1028 2438 in
1049 2378 1114 2439 foro

207 2455 351 2516 holitorio
365 2456 591 2535 ‘triumphum’
608 2456 764 2531 clamasse,
775 2467 855 2519 -et
874 2457 907 2518 in
927 2458 992 2520 foro
1009 2457 1114 2520 boario

208 2537 317 2598 bovem
337 2536 371 2596 in
391 2537 515 2596 tertiam
537 2537 798 2616 contignationem
817 2559 873 2600 sua
891 2548 999 2619 sponte
1016 2559 1115 2601 escen·

208 2616 295 2690 disse,
309 2625 401 2696 atque
413 2616 495 2689 inde,
510 2616 646 2677 tumultu
665 2616 872 2679 habitatorum
888 2620 1038 2695 territum,
1052 2640 1116 2682 sese

208 2696 358 2776 dejecisse,
367 2705 446 2757 -et
459 2697 587 2758 navium
603 2697 734 2776 speciem
749 2697 787 2759 de
800 2699 885 2761 caelo
899 2699 1116 2775 adfulsisse‚-
1129 2699 1168 2762 30

209 2787 239 2838 et
259 2776 365 2838 aedem
385 2775 466 2856 Spei,
488 2795 566 2856 quae
588 2786 633 2838 est
661 2778 694 2837 in
722 2778 788 2841 foro
812 2779 964 2855 holitorio,
985 2780 1115 2842 fulmine

209 2857 399 2930 ictam—et
410 2857 534 2918 Lanuvi
550 2858 671 2918 hastam
683 2878 716 2919 se
731 2860 934 2935 commovisse,
944 2871 974 2923 et
988 2882 1115 2925 corvum

209 2937 242 2996 in
256 2937 362 2998 aedem
376 2935 509 2998 Junonis
532 2936 689 3000 devolasse
710 2948 801 3018 atque
821 2940 940 3020 inipso
980 2941 1114 3005 ulvinari

210 3017 475 3090 consedisse-et
503 3017 536 3077 in
569 3037 643 3098 agro
671 3019 867 3081 Amiternino
901 2962 1006 3083 mullis
1040 3022 1114 3084 locis

211 3097 369 3158 homiuum
389 3097 489 3177 specie
509 3097 616 3178 procul
631 3098 762 3160 candida
776 3108 859 3161 veste
872 3101 960 3175 visos,
975 3123 1030 3164 nec
1045 3122 1113 3163 cum
1128 3101 1168 3162 35

211 3177 275 3238 ullo
296 3197 478 3257 congressos,
488 3187 568 3239 -et
582 3178 614 3238 in
628 3178 741 3239 Piceno
756 3178 910 3258 lapidibus
945 3181 1115 3257 lavisse,—

211 3267 241 3318 et
268 3257 364 3318 Caere
391 3267 485 3318 sortes
513 3266 789 3329 extenuatas—et
816 3260 849 3318 in
874 3201 979 3320 Gallia
1006 3261 1114 3338 lupum

211 3337 300 3416 vigili
331 3337 469 3416 gladium
497 3357 536 3398 ex
563 3337 678 3416 vagina
705 3347 828 3396 ratum
856 3338 1024 3397 abstulisse.
1065 3337 1115 3395 Ob

213 3427 312 3478 cetera
338 3417 479 3496 prodigia
503 3414 597 3476 libros
621 3415 706 3475 adire
752 3415 895 3475 eoemviri
917 3415 1012 3492 jussi3
1033 3413 1115 3490 quod

1068 1994 1114 2036 al·-
