2572 3790
136 198 180 262 80
316 212 528 262 r1r1u1v1
554 212 609 261 aa
634 212 749 262 vana
778 213 968 262 coumra

189 367 341 440 Collatiae
367 368 498 442 fecerat,
519 389 589 448 ergo
617 390 656 430 ex
683 369 825 430 omnibus
847 367 924 429 locis
946 369 1031 431 urbis
1055 371 1091 432 in

188 448 288 509 forum
308 449 450 509 curritur.
492 447 563 526 Quo
583 447 674 509 simul
694 458 819 509 ventum
840 459 895 520 cst,
916 468 1024 527 praeco
1049 451 1091 511 ad

188 527 347 588 tribunum
376 527 526 600 Celerum,
553 528 587 588 in
613 549 674 607 quc
702 537 768 589 tum
795 529 976 606 magistratu
1010 530 1090 591 forte

189 606 304 668 Brutus
322 616 397 680 erat,
411 607 557 686 populum
578 608 750 670 advocarit
792 607 842 669 Ibi
862 608 960 668 oratio
981 609 1090 670 habita

155 689 175 750 5
189 706 380 767 nequaquam
394 687 459 766 ejus
472 688 602 768 pectoris
615 688 800 768 ingeniique,
813 687 895 767 quod
908 687 1089 750 simulatum

188 767 229 828 ad
243 787 310 827 eam
324 766 404 828 diem
419 767 528 842 fuerat,
542 768 581 830 de
594 769 627 832 vi
641 789 677 830 ao
691 767 819 829 libidine
833 767 902 828 Sex.
917 767 1087 846 Tarquinii,

188 847 227 908 de
246 859 351 927 stupro
371 847 497 910 infando
518 848 680 910 Lucretiae
699 857 731 909 et
750 846 916 908 miserabili
934 848 1034 921 caede,
1049 849 1089 909 ds

188 926 318 988 orbitate
331 927 515 1007 Tricipitini,
529 928 578 990 cui
591 938 689 990 morte
706 928 788 989 filiae
806 947 898 988 causa
917 929 1022 988 mortis
1043 929 1088 989 iu·

188 1006 310 1086 dignior
322 1028 359 1068 ac
373 1007 573 1069 miserabilior
585 1017 668 1068 esset
709 1006 830 1068 Addita
839 1007 982 1086 superbia
993 1008 1088 1086 ipsius

135 1086 175 1150 10
188 1087 275 1166 regis,
289 1087 486 1166 miseriaeque
499 1097 530 1148 et
543 1087 662 1149 labores
679 1086 778 1167 plebis
796 1087 829 1148 in
847 1087 939 1148 fossas
956 1087 1087 1148 cloacas·

188 1186 247 1246 que
260 1167 483 1227 exhauriendas
496 1166 668 1240 demersae;
689 1167 844 1228 Romanos
864 1167 1009 1239 homines,
1023 1168 1086 1230 vic-

187 1254 266 1308 tores
286 1247 422 1307 omuium
443 1247 525 1308 circa
544 1247 736 1327 populorum,
751 1247 872 1327 opifices
885 1267 921 1307 ac
935 1247 1085 1326 lapicidas

187 1346 243 1405 pro
263 1325 462 1388 bellatoribus
482 1327 587 1388 factos.
628 1326 762 1407 Indigna
785 1327 873 1388 Servi
897 1327 981 1387 Tulli
1005 1329 1086 1408 regis

187 1414 354 1467 memorata
374 1406 483 1480 caedis,
503 1415 534 1468 et
554 1406 676 1469 invecta
696 1408 815 1487 corpori
836 1407 931 1486 patris
951 1407 1084 1469 nefando

134 1484 173 1548 15
187 1486 327 1548 vehiculo
338 1485 410 1558 iilia,
420 1486 614 1567 invocatique
627 1487 740 1548 ultores
754 1497 915 1567 pareutum
929 1487 981 1548 dii.
1023 1488 1084 1549 His

185 1566 453 1646 atrocioribusque,
480 1566 580 1641 credo,
607 1567 685 1640 aliis,
709 1588 788 1648 quae
814 1587 954 1647 praesens
980 1588 1082 1628 rerum

185 1645 352 1725 indignitas
373 1646 611 1727 haudquaquam
634 1647 732 1708 relatu
755 1647 954 1726 scriptoribus
977 1647 1084 1708 facilia

184 1725 305 1799 subicit,
319 1727 501 1801 memoratis,
515 1728 670 1788 incensam
689 1726 918 1788 multitudinem
939 1729 1082 1806 perpulit,

185 1814 221 1866 ut
235 1806 396 1885 imperium
410 1807 473 1886 regi
488 1807 649 1886 abrogaret
661 1807 825 1886 exulesque
839 1827 901 1868 ease
910 1808 1031 1887 juberet
1045 1809 1083 1869 L.

131 1885 172 1946 20
186 1883 386 1965 Tarquinium
397 1907 467 1947 cum
477 1887 604 1967 conjuge
618 1907 654 1948 ac
668 1887 779 1948 liberis.
822 1886 892 1966 Ipse
900 1888 1083 1968 junioribus,

185 1966 239 2045 qui
259 1967 341 2026 ultro
361 1967 486 2027 nomina
506 1966 631 2040 dabant,
645 1966 731 2028 lectis
751 1968 946 2048 armatisque,
960 1968 1000 2028 ad
1014 1988 1084 2028 con·

184 2046 343 2107 citandum
356 2046 429 2108 inde
442 2046 586 2108 adversus
601 2067 701 2126 regem
715 2048 884 2109 exercitum
898 2047 1034 2108 Ardeam
1050 2048 1083 2108 in

185 2135 285 2186 castra
312 2135 357 2187 est
405 2127 551 2200 refectus3
576 2127 737 2206 imperium
765 2128 798 2187 in
826 2128 902 2189 urbe
929 2126 1083 2202 Lucretio,

130 2283 170 2346 25
184 2147 1082 2367 serrulamterrereitera-

969 2335 977 2360 l

183 2365 349 2438 crantibus,
362 2386 554 2446 quacumque
567 2367 736 2440 incedebat,
748 2367 1018 2447 invocantibusque
1031 2389 1084 2448 pa·

183 2454 304 2507 rentum
325 2445 421 2506 furias
441 2446 515 2508 viris
535 2445 781 2527 mulieribusque.

223 2525 295 2586 LX.
336 2525 458 2586 Harum
470 2545 570 2586 rerum
581 2527 697 2587 nuntiis
710 2528 742 2586 in
758 2536 857 2588 castra
870 2526 1004 2606 perlatis,
1012 2546 1081 2588 cnm

182 2625 217 2666 re
240 2625 321 2667 nova
344 2605 481 2684 trepidus
503 2626 558 2666 rex
581 2616 719 2686 pergeret
743 2607 873 2668 Romam
894 2607 934 2667 ad
954 2609 1083 2686 compri-

129 2682 308 2746 sumendos
334 2694 442 2759 motus,
466 2685 554 2747 flexit
576 2687 659 2747 viam
687 2687 803 2747 Brutus
831 2692 978 2764 (senserat
1001 2690 1081 2747 enim

182 2766 375 2844 adventum),
389 2786 428 2826 ne
441 2765 549 2827 obvius
563 2765 665 2838 fieret;
685 2765 850 2846 eodemque
863 2767 925 2826 fere
938 2775 1082 2845 tempore,

183 2845 310 2907 diversis
330 2845 498 2918 itineribus,
520 2845 635 2905 Brutus
653 2845 800 2919 Ardeam,
818 2845 1002 2925 Tarquinius
1023 2847 1083 2906 Ro-

182 2945 264 2986 mam
285 2933 444 2987 venerunt
485 2923 652 3003 Tarquinio
675 2925 795 2986 clausae
816 2935 922 3004 portae
943 2925 1083 2986 exilium·

182 3025 241 3084 que
260 3005 427 3078 indictum;
448 3004 642 3066 liberatorem
666 3004 750 3064 urbis
773 3004 855 3065 laeta
879 3014 979 3066 castra
1000 3026 1082 3065 acce·

128 3084 167 3145 35
181 3103 262 3163 pere,
276 3085 437 3162 exactique
458 3084 530 3144 inde
550 3083 640 3144 liberi
660 3085 757 3163 regis:
778 3085 840 3145 duc
854 3095 972 3164 patrem
985 3086 1081 3146 secuti

181 3171 264 3234 sunt,
277 3163 330 3241 qui
343 3162 503 3222 exulatum
518 3162 613 3223 Caere
626 3162 658 3221 in
673 3163 818 3225 Etruscos
832 3165 950 3236 ierunt;
971 3164 1083 3225 Sextus

181 3239 367 3319 Tarquinius
380 3239 505 3314 Gabios,
518 3249 676 3321 tamquam
696 3244 729 3302 in
749 3263 839 3304 suum
860 3263 996 3324 regnum,
1013 3263 1083 3323 pro-
