2628 3796
143 257 208 324 194
309 274 401 321 TITI
427 275 524 324 LIVI
548 274 604 322 AB
632 275 746 325 VBBH
774 275 965 323 conum

235 429 290 491 LI.
342 430 515 492 Hannibali
543 430 653 493 victori
687 451 757 492 cum
791 432 884 492 ceteri
920 431 1100 493 circumfusi

218 510 427 571 ratularentur
460 511 690 589 suaderentque,
718 520 763 584 ut,
798 520 884 572 tanto
918 512 1100 590 perfunctus

196 532 287 663 bello,
309 590 370 651 diei
392 590 473 669 quod
493 590 621 651 relicum
641 598 717 651 esset
736 591 893 669 noctisque
914 592 1100 670 insequentis

147 699 148 702 ¹
196 670 331 750 quietem
346 671 454 750 etipse
473 669 533 730 sibi
552 679 684 731 sumeret
697 678 728 730 et
741 670 825 730 fessis
840 671 927 731 daret
941 671 1101 746 militibus,

164 748 373 823 nMaharbal,
398 751 568 828 praefectus
595 749 741 828 equitum,
769 750 895 810 minime
922 751 1102 812 cessandum

198 839 292 903 ratus,
314 835 332 862 “
340 830 443 903 immo,
465 838 508 903 ut,
527 830 601 909 quid
622 829 680 889 hac
701 849 805 909 pugna
826 831 867 890 sit
887 839 998 904 actum,
1012 832 1102 904 scias,

198 911 250 972 die
269 909 403 989 quinto”
424 909 525 988 inquit
547 909 724 972 “victorin
746 909 898 989 Capitolio
918 910 1101 989 epulaberis,

198 990 345 1070 Sequere3
374 1009 445 1050 cum
469 989 580 1068 equite,
604 998 640 1050 ut
662 989 748 1071 prius
771 990 888 1053 venisse
915 1011 1008 1068 quam
1028 1011 1102 1054 ven·

198 1079 303 1132 turum
322 1069 431 1143 sciant,
452 1069 662 1149 praecedam.''
704 1069 878 1130 Hannibali
906 1070 996 1130 nimis
1020 1069 1104 1132 laeta

146 1150 246 1213 101»oe
269 1158 315 1210 est
338 1150 404 1212 visa
431 1149 588 1229 majorque
609 1168 702 1229 quam
723 1157 758 1210 ut
778 1169 846 1210 eam
866 1150 971 1210 statim
992 1171 1103 1229 capere

198 1229 301 1290 animo
315 1237 422 1308 posset.
465 1229 574 1308 Itaque
587 1229 778 1291 voluntatem
792 1250 824 1290 se
837 1229 966 1290 laudare
979 1230 1104 1291 Mahar-

198 1309 278 1370 balis
301 1309 362 1382 ait;
391 1309 432 1370 ad
457 1309 618 1369 consilium
642 1309 833 1388 pensandum
857 1310 1001 1388 temporis
1026 1331 1104 1390 opus

198 1409 270 1450 esse.
312 1389 390 1449 Tum
411 1387 595 1450 Maharbal:
617 1393 705 1449 “non
720 1389 823 1450 omnia
837 1389 984 1450 nimirum
1003 1390 1104 1451 eidem

199 1468 244 1529 dii
272 1469 388 1530 dedere.
430 1469 563 1532 Vincere
590 1469 657 1542 scis,
686 1468 866 1542 Hannibal;
897 1469 1028 1531 victoria
1055 1471 1104 1531 uti

146 1549 185 1611 15
199 1549 322 1610 nescis.’'
364 1548 455 1610 Mora
474 1550 538 1642 ejus
559 1548 621 1610 diei
644 1549 718 1610 satis
741 1549 878 1610 creditur
897 1549 990 1611 saluti
1010 1549 1105 1612 fuisse

199 1629 269 1690 urbi
283 1637 375 1708 atque
388 1631 525 1708 imperio.

239 1709 364 1771 Postero
377 1709 436 1784 die,
450 1709 505 1770 ubi
518 1711 653 1790 primum
667 1710 793 1786 inluxit,
807 1709 848 1772 ad
860 1710 960 1792 spolia
973 1709 1105 1792 legenda

199 1789 380 1869 foedamque
393 1790 488 1852 etiam
501 1791 640 1853 hostibus
659 1792 858 1872 spectandam
878 1801 1013 1872 stragem
1034 1813 1104 1854 exc·

199 1878 265 1931 unt.
306 1870 460 1933 Jacebant
479 1880 527 1933 tot
548 1872 758 1934 Romanorum
778 1872 875 1946 milia,
894 1873 1012 1952 pedites
1034 1894 1104 1953 pas·

145 1949 186 2012 20
198 1950 256 2012 sim
290 1951 473 2031 equitesque,
502 1961 539 2013 ut
564 1973 655 2032 quem
683 1954 793 2032 cuique
820 1954 882 2014 fors
916 1961 972 2014 aut
998 1974 1106 2034 pugna

198 2031 348 2110 junxerat
371 2041 427 2092 aut
449 2032 542 2112 fuga3
567 2033 759 2113 adsurgentis
781 2033 907 2112 quidam
935 2053 975 2094 ex
1002 2043 1106 2114 strage

197 2110 300 2170 media
315 2113 443 2186 cruenti,
458 2133 532 2192 quos
552 2114 660 2175 stricta
680 2113 833 2175 matutino
854 2113 967 2193 frigore
987 2115 1103 2175 excita-

198 2199 308 2253 verant
319 2191 460 2267 vulnera,
475 2192 515 2254 ab
536 2193 622 2255 hoste
642 2193 775 2274 oppressi
796 2202 885 2267 sunt3
928 2194 1054 2255 uosdam
1073 2203 1104 2256 et

200 2271 332 2350 jacentis
352 2273 440 2335 vivos
460 2274 583 2334 succisis
611 2274 776 2335 feminibus
802 2212 1031 2354 poplitibusque
1058 2274 1106 2334 in·

145 2349 185 2411 25
198 2360 357 2426 venerunt,
368 2354 513 2414 nudantis
528 2354 676 2416 cervicem
686 2352 893 2435 jugulumque
905 2362 936 2415 et
948 2355 1104 2434 reliquum

198 2432 377 2525 sangninem
394 2434 542 2573 pubentes
570 2435 711 2509 haurire;
740 2435 859 2496 inventi
884 2434 1009 2514 quidam
1031 2443 1106 2496 sunt

197 2531 302 2572 mersu
323 2512 356 2573 in
376 2533 393 2573 e
416 2534 513 2576 ossam
534 2523 647 2576 terram
669 2513 830 2595 capitibus,
845 2535 920 2594 quos
940 2514 999 2575 sibi
1019 2514 1102 2602 ipsos

198 2590 303 2651 fecisse
323 2591 426 2655 foveas
447 2594 662 2675 obruentisque
682 2615 737 2656 ora
757 2595 928 2674 superjecta
946 2595 1040 2655 humo
1058 2595 1105 2655 in·

197 2670 368 2732 terclusisse
384 2673 528 2752 spiritum
541 2675 718 2755 apparebat.
760 2673 930 2755 Praecipue
951 2676 1105 2737 convertit

144 2749 184 2812 30
197 2770 301 2811 omnes
335 2752 509 2815 subtractus
537 2755 676 2816 Numida
702 2764 823 2816 mortuo
851 2754 1105 2834 superincubanti

198 2829 339 2892 Romano
352 2833 451 2908 vivus,
462 2855 536 2896 naso
549 2835 734 2915 auribusque
748 2835 899 2909 laceratis,
914 2855 992 2908 cum,
1007 2835 1105 2895 mani-

197 2910 255 2972 bus
279 2911 319 2972 ad
340 2914 524 2992 capiendum
549 2914 646 2976 telum
670 2914 843 2989 inutilibus,
864 2915 897 2975 in
917 2914 1034 2975 rabiem
1055 2915 1106 2976 ira

197 3011 295 3066 versa,
309 2992 456 3054 laniando
470 2994 613 3056 dentibus
627 2996 743 3057 bostem
757 2995 934 3075 expirasset

238 3070 311 3132 LII.
352 3072 466 3152 Spoliis
480 3074 520 3134 ad
535 3075 667 3136 multum
688 3076 750 3136 diei
771 3076 867 3150 lectis,
882 3073 1044 3136 Hannibal
1060 3076 1102 3136 ad

144 3150 184 3215 35
198 3151 317 3211 minora
330 3151 417 3212 ducit
430 3162 530 3214 castra
544 3155 759 3234 oppugnanda,
774 3163 805 3216 et
819 3156 955 3216 omniurn
968 3155 1104 3234 primum

198 3229 325 3290 brachio
349 3230 466 3309 objecto
490 3233 617 3294 flumine
643 3255 692 3295 eos
720 3235 877 3308 excludit;
905 3245 1040 3296 ceterum
1062 3235 1103 3297 ab

198 3308 338 3368 omnibus
372 3309 486 3384 labore,
521 3313 645 3391 vigiliis,
674 3314 854 3375 vulneribus
888 3315 982 3376 etiam
1017 3315 1103 3377 fessis

197 3387 347 3446 maturior
361 3388 455 3464 ipsius
475 3411 528 3468 spe
542 3393 657 3453 deditio
672 3401 717 3454 est
730 3394 821 3455 facta.
864 3393 953 3456 Paeti
968 3404 1002 3454 ut
1016 3417 1105 3456 arma

196 3472 289 3542 atque
309 3485 400 3543 equos
425 3469 589 3543 traderent,
611 3472 643 3530 in
672 3473 776 3552 capita
803 3475 946 3537 Romana
971 3477 1104 3538 trecenis
