2616 3790
148 210 190 274 96
314 217 405 276 r1‘r1
431 229 527 279 n1v1
553 229 608 277 aa
633 228 748 280 vass
777 229 974 279 counrna

200 391 314 463 quanto
335 383 428 457 fuere,
449 393 504 446 aut
523 385 695 465 Saguntum
715 385 867 466 principio
887 387 962 448 anni
982 409 1042 468 quo
1063 387 1099 449 P.

200 463 361 525 Cornelius
394 464 441 526 Ti.
475 465 671 544 Sempronius
705 467 842 526 eonsules
875 467 1010 542 fuerunt,
1039 487 1103 528 non

200 553 341 623 coeptum
355 545 526 684 oppugnari
541 556 594 618 est,
605 545 658 605 sed
673 556 806 624 captum.
847 547 929 606 Nam
944 548 1105 608 excessisse

200 643 305 703 pugna
325 621 366 683 sd
386 623 444 683 Tre
466 623 528 684 iam
549 625 582 683 in
602 645 718 684 annum
735 625 790 686 Cn.
811 624 923 687 Servili
937 635 968 688 et
981 625 1016 688 C.
1031 627 1105 688 Fla·

167 703 278 765 limini
305 723 367 763 non
394 711 501 782 potest,
525 705 599 784 quia
625 703 658 765 C.
684 704 857 767 Flaminius
877 705 1013 766 Arimini
1034 727 1105 768 eon·

200 783 336 844 sulatum
356 783 435 858 iniit,
456 793 575 845 oreatus
595 804 616 846 a
634 782 681 845 Ti.
703 783 882 864 Sempronio
902 786 1035 861 consule,
1050 787 1105 866 qui

201 872 269 942 post
283 882 420 944 pugnam
438 862 479 924 ad
492 863 636 926 Trebiam
657 864 697 924 ad
719 865 865 926 creandos
886 865 1024 927 eonsules
1044 867 1105 928 Ro-

201 963 283 1004 mam
304 964 374 1003 cum
395 945 533 1019 venisset,
556 943 687 1005 comitiis
707 943 848 1024 perfectis
873 945 915 1006 ad
934 947 1106 1008 exereitum

201 1023 234 1082 in
255 1022 383 1084 hiberna
403 1025 503 1086 rediit.
664 1041 672 1054 ’·
813 1083 816 1090 .

149 1102 189 1166 10
242 1103 336 1165 XVI.
377 1102 441 1164 Sub
466 1105 548 1166 idem
571 1103 636 1166 fere
658 1112 778 1185 tempus
803 1114 835 1167 et
856 1104 961 1186 legati,
983 1105 1037 1187 qui
1060 1127 1106 1168 re-

201 1181 322 1244 dierant
349 1183 389 1244 ab
416 1183 613 1265 Carthagine,
641 1185 773 1247 Romam
801 1185 974 1256 retulerunt
1001 1187 1106 1248 omnia

201 1262 325 1325 hostilia
349 1283 419 1337 esse,
447 1271 478 1326 et
505 1265 637 1345 Sagunti
660 1267 815 1327 excidium
841 1267 1017 1328 nuntiatum
1041 1275 1105 1340 est3

202 1352 366 1423 tantusque
389 1344 481 1404 simul
502 1365 622 1406 maeror
645 1355 748 1425 patres
769 1346 1037 1426 misericordiaque
1058 1367 1104 1407 so

203 1423 321 1485 ciorum
354 1433 582 1504 peremptorum
617 1425 743 1505 indigne
774 1435 805 1487 et
831 1426 931 1506 pudor
957 1447 1019 1487 non
1046 1426 1105 1487 lati

149 1505 189 1569 15
202 1503 314 1565 auxilii
327 1513 359 1565 et
372 1505 419 1566 ira
431 1505 464 1565 in
479 1505 745 1585 Carthaginienses
762 1515 919 1586 metusque
932 1505 971 1568 de
984 1527 1104 1568 summa

201 1604 305 1644 rerum
327 1585 417 1664 cepit,
434 1585 521 1647 velut
541 1586 567 1646 si
591 1586 652 1646 'am
674 1585 714 1646 ad
738 1595 841 1666 portas
859 1585 954 1648 hostis
969 1596 1054 1661 esset,
1068 1595 1105 1647 ut

201 1672 250 1726 tot
269 1685 330 1726 uno
350 1674 486 1744 tempore
506 1607 639 1728 metilius
659 1666 756 1727 animi
779 1665 896 1728 turbati
916 1667 1106 1746 trepidarent

201 1744 300 1823 'magis
310 1765 402 1824 quam
413 1745 621 1808 consulerent:
635 1765 708 1806 nam
719 1766 817 1826 neque
827 1745 943 1808 hostem
957 1747 1106 1807 aeriorem

203 1823 482 1905 bellicosioremque
508 1847 612 1888 seeum
639 1846 842 1905 congressum,
869 1846 926 1887 nec
954 1847 1017 1887 rem
1045 1826 1107 1887 Ro·

150 1905 191 1970 20
203 1925 326 1966 manam
340 1913 405 1966 tam
420 1906 554 1967 desidem
568 1926 715 1986 umquam
729 1906 822 1966 fuisse
840 1915 933 1985 atque
950 1905 1105 1968 inbellem.

202 1983 313 2046 Sardos
328 1984 495 2065 Corsosque
507 1994 539 2047 et
552 1985 676 2047 Histros
696 1994 788 2066 atque
809 1985 934 2067 Illyrios
954 1986 1107 2047 lacessisse

203 2065 300 2144 magis
314 2086 407 2145 quam
419 2065 588 2127 exercuisse
603 2067 745 2128 Romana
764 2086 861 2141 arma,
875 2073 906 2127 et
920 2086 990 2126 cum
1003 2065 1106 2128 Gallis

202 2145 425 2207 tumultuatum
448 2147 551 2208 verius
578 2167 671 2226 quam
699 2144 931 2225 belligeratum:
960 2146 1105 2220 Poenum,

202 2225 319 2286 hostem
333 2235 522 2299 veteranum,
536 2227 631 2288 trium
645 2234 676 2288 et
689 2225 802 2306 viginti
822 2246 972 2287 annorum
993 2225 1107 2286 militia

149 2306 190 2368 25
203 2305 366 2366 durissima
389 2306 468 2369 inter
491 2305 648 2386 Hispanas
673 2316 780 2386 gentes
806 2325 925 2386 semper
947 2305 1105 2379 victorem,

203 2385 276 2447 duci
288 2387 435 2448 acerrimo
449 2386 619 2461 adsuetum,
630 2394 782 2448 recentem
794 2385 835 2447 ab
848 2385 969 2447 excidio
983 2385 1106 2464 opulen-

203 2466 337 2527 tissimae
349 2466 443 2540 urbis,
456 2465 612 2527 Hiberum
625 2467 755 2528 transire
766 2487 774 2540 ;
795 2465 917 2528 trahere
936 2486 1038 2527 seeum
1058 2473 1106 2527 tot

203 2547 319 2608 excitos
353 2546 563 2626 Hispanorum
596 2547 742 2627 populos;
778 2547 969 2607 conciturum
998 2545 1106 2607 avidas

202 2646 320 2706 semper
347 2646 503 2688 armorum
528 2625 667 2689 Gallicas
692 2634 816 2706 gentes:
847 2646 918 2687 cum
946 2624 1020 2688 orbe
1047 2634 1106 2686 ter·

149 2707 190 2772 30
202 2726 307 2766 rarum
327 2705 444 2767 bellum
463 2707 630 2788 gerendum
650 2707 684 2768 in
704 2706 800 2768 Italia
819 2726 856 2768 ac
874 2726 930 2788 pro
948 2705 1108 2768 moenibus

203 2785 349 2848 Romanis
369 2806 440 2848 esse.

242 2866 355 2929 XVII.
396 2866 582 2930 Nominatae
610 2868 678 2948 jam
710 2875 802 2930 antea
836 2865 1012 2929 consulibus
1038 2887 1108 2946 pro-

202 2945 323 3009 vinciae
336 2956 424 3008 erant
432 2968 440 3021 ;
463 2956 529 3008 tum
543 2948 646 3009 sortiri
656 2947 742 3028 jussi
784 2946 927 3010 Cornelio
942 2946 1107 3027 Hispania,

201 3026 380 3106 Sempronio
399 3025 511 3089 Africa
530 3048 601 3088 cum
621 3028 728 3089 Sicilia
749 3029 860 3090 evenit.
900 3027 963 3090 Sex
982 3029 1016 3088 in
1036 3047 1107 3087 eum

149 3106 188 3167 35
202 3126 317 3166 annum
344 3107 484 3168 decretae
510 3107 652 3187 legiones,
671 3117 703 3169 et
726 3108 841 3168 sociiim
862 3116 1012 3188 quantum
1033 3107 1106 3186 ipsis

201 3185 366 3258 videretur,
381 3195 411 3246 et
425 3187 530 3247 classis
543 3197 660 3266 quanta
677 3189 780 3266 parari
799 3199 907 3268 posset.
950 3189 1107 3265 Quattuor

202 3271 233 3323 et
259 3263 371 3342 viginti
404 3266 542 3343 peditum
577 3267 787 3327 Romanorum
815 3267 903 3328 milia
931 3269 1047 3348 scripta
1075 3276 1106 3329 et

202 3342 288 3402 mille
308 3344 475 3423 octingenti
490 3345 614 3424 equites,
628 3346 778 3406 sociorum
792 3347 997 3426 quadraginta
1017 3347 1107 3408 milia

200 3422 349 3504 peditum,
377 3432 521 3503 quattuor
547 3424 636 3484 milia
661 3434 694 3485 et
720 3426 938 3508 quadringenti
971 3427 1107 3508 equites3
