2628 3796
140 209 204 275 182
305 227 397 275 ‘rtur
421 229 518 278 n1v1
547 229 603 276 ΑΒ
627 230 743 279 vasa
772 228 967 278 conarri

191 381 328 443 locorum
352 384 454 458 situm,
468 393 611 446 naturam
635 385 784 466 regionis,
796 393 905 459 nosset,
920 386 987 466 jam
1010 407 1094 448 nune

192 471 313 541 togatus
340 463 372 523 in
401 464 477 525 urbe
504 466 603 538 sciret,
631 485 710 546 quae
736 466 795 527 sibi
821 466 941 544 agenda
974 477 1094 528 armato

192 541 300 616 forent,
320 552 351 604 et
375 544 455 604 diem
476 564 596 625 quoque
618 545 793 624 praedicere
813 558 921 624 posset,
941 567 1002 624 qua
1022 567 1094 606 cum

191 621 277 682 hoste
290 623 384 701 signis
399 623 527 684 conlatis
542 635 617 685 esset
631 625 848 686 dimicaturus:
870 645 910 699 se,
925 643 1003 704 quae
1024 647 1093 686 con-

157 701 261 763 bsilia
275 703 372 782 magis
386 724 433 764 res
447 705 520 764 dent
533 703 707 766 bominibus
727 726 819 786 quam
836 704 972 766 homines
993 706 1094 779 rebus

190 801 227 842 ea
241 791 312 843 ante
325 791 444 863 tempus
460 784 616 845 inmatura
629 804 690 846 non
704 794 955 865 praecepturum
977 795 1093 865 optare,

190 870 234 936 ut,
249 883 328 941 quae
341 872 430 923 caute
443 883 479 924 ac
494 864 631 925 consulte
644 874 730 943 gesta
742 874 848 938 essent,
864 865 937 926 satis
950 885 1094 945 prospere

189 943 364 1016 evenirent;
384 944 595 1017 temeritatem,
610 954 824 1024 praeterquam
838 945 918 1024 quod
932 944 1028 1005 stulta
1041 945 1091 1018 sit,

190 1021 341 1082 infelicem
356 1022 449 1083 etiam
464 1024 503 1084 ad
517 1024 549 1083 id
563 1023 698 1084 locorum
709 1024 818 1085 fuisse?
860 1024 903 1085 Et
916 1045 972 1084 sua
985 1033 1093 1104 sponte

138 1100 177 1161 10
190 1101 360 1181 apparebat
379 1110 447 1163 tuta
467 1103 616 1165 celeribus
637 1104 770 1165 consiliis
783 1105 1036 1184 praepositurum,
1051 1113 1091 1178 et,

190 1200 251 1259 quo
264 1180 297 1242 id
312 1183 498 1243 constantius
512 1193 726 1262 perseveraret,
742 1184 781 1261 Q.
800 1183 916 1245 Fabius
932 1183 1091 1246 Maximus

188 1262 315 1321 siceum
329 1262 568 1342 proficiscentem
582 1262 742 1324 adlocutus
756 1265 869 1325 fertur:

229 1341 394 1403 XXXIX.
436 1347 454 1374 “
463 1343 495 1404 Si
510 1352 564 1403 aut
578 1343 745 1423 conlegam,
756 1344 789 1404 id
804 1344 886 1423 quod
900 1345 1033 1420 mallem,
1043 1346 1091 1408 tui

188 1419 328 1494 similem,
343 1421 380 1483 L.
394 1421 519 1503 Aemili,
533 1422 670 1497 haberes,
685 1434 739 1484 aut
754 1433 788 1484 tu
803 1423 937 1504 collegae
951 1426 998 1487 tui
1012 1447 1090 1488 esses

136 1499 175 1560 15
188 1500 305 1575 similis,
319 1521 545 1580 supervacanea
564 1512 641 1564 esset
660 1505 758 1566 oratio
778 1524 863 1578 mea3
884 1525 957 1566 nam
978 1514 1009 1567 et
1028 1506 1090 1568 duo

184 1581 257 1641 boni
270 1581 413 1653 consulas,
428 1582 520 1641 etiam
533 1601 582 1640 me
595 1581 755 1656 indicente,
769 1584 872 1644 omnia
886 1605 903 1645 e
923 1605 956 1645 re
968 1585 1094 1664 publiea

183 1660 297 1740 fideque
329 1670 430 1723 vestra
463 1661 609 1733 faceretis,
634 1669 664 1721 et
697 1662 772 1721 mali
805 1684 861 1724 nec
896 1685 964 1726 mea
998 1666 1119 1736 verba·

190 1741 316 1802 auribus
324 1741 432 1804 vestris
445 1761 501 1802 nec
512 1741 640 1802 consilia
651 1741 761 1802 animis
771 1741 957 1823 acciperetis.
998 1742 1093 1804 Nunc

123 1893 130 1907 ·
190 1831 221 1883 et
241 1823 399 1902 conlegam
419 1831 506 1884 tuum
527 1831 558 1883 et
577 1832 609 1883 te
630 1822 723 1882 talem
739 1823 840 1885 virum
860 1823 993 1886 intuenti
1014 1823 1092 1884 mihi

136 1902 291 1965 tetecum
316 1904 413 1965 omnis
437 1904 534 1964 oratio
558 1912 611 1976 est,
632 1924 722 1982 quem
742 1904 832 1966 video
851 1906 1036 1985 nequiquam
1061 1913 1093 1966 et

186 1985 292 2046 airum
306 1985 418 2046 bonurn
435 1993 465 2046 et
480 1986 577 2046 civem
587 1985 659 2058 fore,
670 1985 705 2056 si,
718 1984 814 2047 altera
828 1995 915 2066 parte
929 1986 1093 2047 claudente

189 2065 379 2146 republica,
403 2065 493 2126 malis
517 2065 650 2127 consiliis
677 2065 759 2127 idem
787 2079 823 2127 ac
851 2067 937 2128 bonis
959 2067 1038 2148 juris
1060 2075 1093 2128 et

190 2147 347 2227 potestatis
367 2149 434 2209 erit.
476 2147 571 2208 Erras
591 2149 682 2221 enim,
696 2147 733 2208 L.
748 2146 855 2220 Paule,
868 2148 893 2208 si
914 2147 972 2208 tibi
991 2148 1092 2209 minus

189 2228 363 2289 certaminis
387 2249 455 2290 eum
481 2228 515 2289 O.
538 2229 679 2290 Terentio
723 2248 794 2288 uam
819 2247 889 2288 cum
913 2227 1092 2289 Hannibale

134 2309 175 2371 25
189 2309 327 2370 futurum
348 2329 466 2383 censes3
486 2309 587 2369 nescio
607 2329 648 2369 an
668 2249 804 2369 inlbstior
824 2307 876 2369 hic
899 2308 1092 2370 adversarius

190 2410 281 2468 qnam
296 2389 349 2450 ille
363 2389 456 2450 hostis
467 2397 589 2449 maneat
603 2397 642 2450 te.
683 2388 762 2449 Cum
773 2388 828 2449 illo
839 2388 872 2448 in
883 2389 948 2450 acie
958 2397 1090 2464 tantum,

188 2491 258 2531 cum
273 2470 330 2531 hoc
344 2470 484 2530 omnibus
504 2469 578 2530 locis
598 2489 634 2530 ac
655 2469 841 2548 temporibus
858 2477 1027 2530 certaturus
1041 2491 1092 2544 es;

183 2551 333 2613 adversus
353 2550 565 2611 Hannibalern
578 2549 770 2629 legionesque
784 2549 848 2629 ejus
862 2549 922 2610 tuis
936 2549 1091 2628 equitibus

188 2651 225 2692 ac
249 2631 402 2710 peditibus
425 2629 625 2711 pugnandum
653 2628 711 2690 tibi
738 2629 805 2702 erit,
818 2628 921 2690 Varro
942 2630 1008 2690 dux
1028 2631 1091 2692 tuis

135 2712 175 2774 30
188 2711 337 2772 militibus
364 2720 395 2772 te
422 2720 467 2772 est
494 2716 732 2791 oppugnaturus.
774 2708 895 2770 Ominis
918 2710 1011 2771 etiam
1031 2710 1090 2771 tibi

188 2811 279 2852 causa
295 2791 375 2852 absit
388 2790 422 2851 Ο.
438 2790 575 2851 Flamini
589 2789 743 2851 memoria.
785 2788 901 2850 Tamen
915 2789 968 2850 ille
983 2791 1089 2852 consul

188 2869 310 2932 demum
325 2881 355 2932 et
369 2871 401 2931 in
416 2870 576 2950 provincia
589 2878 621 2931 et
633 2869 674 2930 ad
685 2869 853 2930 exercitum
864 2870 963 2949 coepit
973 2871 1090 2944 furere;

187 2950 246 3025 hic,
260 2952 437 3031 priusquam
451 2958 567 3030 peteret
577 2949 776 3022 consulatum,
788 2949 899 3010 deinde
913 2951 945 3009 in
959 2951 1090 3030 petendo

189 3033 389 3110 [consulatu],
411 3051 493 3091 nune
513 3049 633 3110 quoque
653 3029 768 3102 consul,
789 3029 965 3109 priusquam
988 3040 1090 3092 castra

134 3113 173 3174 35
187 3114 290 3176 videat
304 3121 358 3173 aut
372 3113 497 3184 hostem,
512 3110 633 3171 insanit
675 3108 719 3169 Et
733 3109 785 3189 qui
800 3118 902 3170 tantas
918 3110 984 3189 jam
1005 3131 1089 3172 nunc

185 3193 334 3272 procellas
355 3191 472 3271 proelia
492 3199 585 3268 atque
604 3189 683 3249 acies
699 3189 847 3268 jactando
867 3189 948 3250 inter
968 3197 1088 3270 togatos

186 3273 254 3346 ciet,
268 3272 342 3352 quid
356 3272 437 3331 inter
450 3278 600 3330 armatam
610 3269 803 3348 juventutem
819 3289 919 3330 censes
933 3270 1088 3331 facturum

184 3361 215 3412 et
236 3351 290 3412 ubi
311 3350 464 3428 extemplo
485 3369 531 3409 res
546 3348 641 3409 verba
661 3349 820 3426 sequitur?
860 3349 959 3428 Atqui
978 3350 1004 3411 si
1025 3351 1087 3424 hic,

182 3430 265 3520 quod
289 3431 443 3514 facturum
466 3448 498 3489 se
521 3427 692 3501 denuntiat,
713 3427 868 3509 extemplo
891 3431 1085 3510 pugnaverit,
