2616 3790
480 207 614 254 menn
639 206 757 273 xxn,
786 191 895 256 9-10.
1125 193 1189 258 153

232 363 297 425 irae
311 365 401 426 deam
415 372 513 426 essent
522 364 603 444 ipsos
617 363 687 425 deos
701 363 901 426 consulendos
914 385 986 438 esse,
994 365 1135 445 pervicit,

232 455 277 517 ut,
292 446 373 525 quod
394 465 455 505 non
475 445 572 506 ferme
591 445 765 505 decernitur
784 445 844 505 nisi
865 465 934 506 cum
954 455 1052 506 taetra
1069 467 1136 525 pro·

232 525 317 604 digia
331 527 474 587 nuntiata
486 532 568 598 sunt,
582 524 747 585 decemviri
761 524 856 586 libros
870 524 1036 605 Sibyllinos
1050 527 1136 587 adire

234 605 425 686 juberentur.
460 605 525 682 Qui
536 605 679 684 inspectis
689 604 835 665 fatalibus
849 604 937 667 libris
950 605 1136 668 rettulerunt

234 685 382 780 patribus,
397 685 496 764 ‘quod
518 685 582 765 ejus
601 684 677 745 belli
697 703 790 746 causa
802 693 910 747 votum
931 684 1027 747 Marti
1048 685 1135 756 foret,
1170 686 1190 745 5

234 765 267 827 rd
281 785 343 826 non
357 766 416 849 rite
428 765 546 826 factum
564 764 603 825 de
618 765 737 844 integro
757 773 850 844 atque
869 763 1002 846 amplius
1022 765 1137 828 faciun-

235 846 309 906 dum
333 865 412 918 esse;
433 853 464 905 ct
487 844 563 906 Jovi
586 843 675 905 ludos
698 864 825 924 magnos
852 851 884 906 et
910 845 999 906 aedes
1022 844 1137 907 Veneri

236 925 391 986 Erucinae
405 945 442 986 ac
456 924 556 985 Menti
569 925 725 987 vovendas
745 945 817 998 esse,
831 932 863 985 et
881 924 1136 1005 supplicationem

236 1005 516 1084 lectisterniumque
539 1003 725 1078 habendum,
747 1013 778 1066 et
802 1025 857 1067 ver
882 1025 1005 1066 sacrum
1029 1026 1139 1068 voven·

236 1086 319 1160 dum,
337 1086 365 1146 si
385 1085 535 1146 bellatum
559 1105 701 1164 prospere
724 1093 801 1146 esset
824 1105 930 1166 resque
955 1085 1081 1166 publice
1105 1086 1137 1146 in
1154 1085 1192 1146 10

236 1166 341 1226 eodem
363 1186 423 1246 quo
446 1174 519 1226 ante
540 1163 657 1226 bellum
676 1164 782 1226 fuisset
803 1173 886 1226 statu
906 1166 1138 1246 permansisset!

236 1245 375 1318 Senatus,
402 1245 548 1325 quoniam
575 1243 709 1306 Fabium
738 1244 813 1306 belli
844 1265 919 1306 cura
952 1255 1139 1326 occupatura

236 1336 321 1400 esset,
335 1326 380 1387 M.
394 1325 563 1386 Aemilium
584 1333 755 1404 praetorem
769 1345 808 1385 ex
822 1325 945 1404 collegii
958 1325 1139 1419 pontificum

235 1407 386 1468 sententia
399 1405 502 1467 omnia
516 1424 552 1465 ea
564 1413 601 1466 ut
615 1414 734 1465 mature
746 1405 822 1466 fiant
836 1425 944 1465 curare
952 1405 1049 1486 Jubet

277 1487 319 1547 X.
362 1487 424 1548 His
441 1494 564 1546 senatus
584 1484 730 1545 consultis
749 1484 901 1565 perfectis,
921 1485 958 1546 L
979 1483 1139 1547 Cornelius
1154 1483 1192 1544 15

236 1565 388 1628 Lentulus
413 1565 554 1646 pontifex
580 1565 742 1638 maximus,
771 1564 949 1626 consulente
976 1565 1139 1644 collegium

236 1656 384 1727 praetore,
397 1646 534 1707 omnium
548 1645 682 1724 primum
696 1645 845 1724 populum
866 1643 1087 1706 consulendum
1101 1645 1139 1708 de

236 1747 309 1790 vere
327 1746 414 1788 sacro
435 1734 552 1787 censet:
575 1725 690 1804 injussu
712 1725 819 1805 populi
836 1725 942 1787 voveri
962 1745 1024 1786 non
1045 1745 1137 1805 posse

237 1808 376 1887 Rogatus
389 1807 421 1867 in
436 1806 512 1867 haec
527 1805 621 1866 verba
637 1804 787 1884 populus:
809 1804 951 1867 “Velitis
967 1804 1140 1885 jubeatisne

236 1888 312 1954 haec
331 1888 375 1948 sic
396 1887 485 1948 fieri?
524 1884 557 1947 si
578 1904 625 1945 res
645 1883 771 1964 publica
791 1883 898 1965 populi
915 1884 1048 1946 Romani
1062 1886 1138 1963 Qui·
1154 1884 1192 1944 20

236 1968 342 2028 uitium
376 1967 417 2028 ad
450 1965 693 2046 quinquennium
726 1965 912 2042 proximum,
939 1965 1018 2026 sicut
1045 1966 1138 2028 velim

236 2045 699 2268 ttzttqffftttlttttt
712 2046 785 2186 tii
808 2045 1138 2204 {subtilitati

237 2229 375 2288 quaeque
417 2207 499 2271 uella
519 2226 589 2267 cum
610 2205 710 2266 Gallis
729 2213 810 2279 sunt,
824 2206 878 2283 qui
892 2205 935 2265 cis
948 2205 1040 2284 Alpis
1058 2214 1139 2278 sunt,

236 2298 303 2351 tum
324 2289 438 2349 donum
459 2285 528 2347 duit
547 2285 678 2365 populus
691 2284 848 2345 Romanus
862 2285 1043 2362 Quiritium,
1058 2285 1139 2365 quod
1153 2283 1193 2344 25

237 2389 293 2432 ver
314 2368 453 2429 attulerit
466 2387 505 2427 ex
518 2366 619 2439 suillo,
633 2364 738 2438 ovillo,
752 2365 887 2458 caprino,
902 2364 1019 2426 bovillo
1040 2386 1139 2445 grege,

238 2468 376 2530 quaeque
389 2447 516 2527 profana
529 2454 628 2518 erunt,
643 2444 718 2506 Jovi
737 2444 812 2518 liert,
827 2465 865 2505 ex
879 2445 1005 2524 quadie
1019 2456 1139 2506 senatus

238 2529 428 2609 populusque
444 2526 576 2606 jusserit.
618 2525 683 2602 Qui
703 2524 805 2599 faciet,
822 2525 945 2604 quando
965 2524 1048 2586 volet
1068 2545 1140 2604 qua·

238 2629 298 2689 que
312 2607 378 2688 lege
392 2608 484 2679 volet,
498 2606 608 2678 facit03
630 2624 690 2683 quo
705 2605 794 2665 modo
808 2604 897 2678 faxit,
913 2603 1008 2684 probe
1024 2604 1138 2666 factum

238 2700 311 2750 esto.
352 2687 385 2748 Si
406 2688 437 2747 id
458 2687 588 2746 moritur
608 2685 690 2763 quod
711 2684 775 2744 fieri
797 2684 956 2764 oportebit,
977 2685 1138 2765 profanum
1154 2681 1194 2743 30

239 2779 312 2843 esto,
336 2787 434 2847 neque
457 2766 555 2827 scelus
578 2772 650 2826 esto.
693 2763 726 2826 Si
748 2765 815 2845 quis
839 2775 961 2844 rumpet
983 2765 1140 2827 occidetve

239 2849 377 2921 insciens,
399 2868 437 2908 ne
463 2848 547 2907 fraus
574 2854 647 2906 esto.
689 2844 722 2906 Si
743 2844 810 2923 quis
830 2844 947 2924 clepsit,
969 2865 1007 2905 ne
1027 2845 1139 2924 populo

238 2929 337 2990 scelus
351 2937 422 3001 esto,
436 2947 512 2988 neve
527 2926 577 2986 cui
590 2925 724 3005 cleptum
739 2925 805 2986 erit.
847 2924 878 2985 si
901 2933 968 2985 atro
989 2925 1039 2984 die
1059 2926 1139 2986 texit

240 3009 379 3080 insciens,
403 3007 496 3087 probe
520 3006 635 3068 factum
660 3014 732 3066 esto.
773 3003 807 3065 si
828 3013 916 3065 nocte
936 3004 1000 3065 sive
1021 3004 1098 3078 luce,
1113 3006 1138 3066 si

239 3109 344 3150 servus
358 3088 421 3149 sive
435 3087 513 3147 liber
527 3085 616 3158 laxit,
625 3084 720 3165 probe
730 3084 845 3144 fectum
857 3092 928 3144 esto.
970 3083 1003 3145 Si
1018 3085 1141 3145 antidea
1155 3081 1193 3140 35

240 3189 277 3228 ac
287 3177 407 3228 senatus
419 3166 609 3247 populusque
615 3165 741 3244 jusserit
752 3163 817 3223 fieri
829 3163 955 3237 faxitur,
964 3184 999 3224 eo
1010 3163 1140 3243 populus

240 3248 357 3308 solutus
377 3247 455 3308 liber
475 3245 566 3306 esto.''
609 3245 756 3325 Ejusdem
775 3243 819 3303 rei
836 3263 929 3302 causa
948 3243 1014 3302 ludi
1036 3244 1139 3319 magni

240 3329 306 3388 voti
326 3329 403 3388 aeris
424 3326 564 3386 trecentis
585 3325 713 3401 triginta
734 3321 831 3382 tribus
853 3322 985 3391 milibus,
1001 3323 1140 3378 trecentis

241 3407 369 3486 triginta
382 3406 479 3466 tribus
493 3405 613 3476 triente,
624 3412 782 3481 praeterea
796 3398 895 3459 bubus
906 3399 927 3457 J
929 3399 979 3456 ovi
991 3395 1140 3465 trecentis,
