2572 3790
117 205 160 270 22
288 222 377 270 'rrrr
405 221 503 269 n1v1
528 220 584 266 aa
609 217 726 268 vnnn
750 213 941 264 conmuni

171 399 240 441 cum
261 377 352 458 globo
368 378 518 456 juvenum
534 381 604 455 (nec
624 376 705 436 enim
719 382 786 436 erat
798 374 838 434 ad
852 380 990 452 apertam
1003 371 1069 435 vim

171 460 242 540 par)
257 459 308 519 sed
322 457 393 519 aliis
406 457 468 518 alio
481 457 590 517 itinere
606 456 697 534 jussis
718 463 799 515 certo
818 464 952 532 ternpore
971 453 1012 514 ad
1025 474 1070 514 re-

170 540 253 620 giam
267 539 370 600 venire
385 537 564 616 pastoribus,
579 536 619 596 ad
633 555 733 615 regem
748 536 896 612 impeturn
910 533 993 607 facit,
1007 543 1038 594 et
1049 553 1070 594 a

171 620 260 680 domo
271 616 441 678 Numitoris
452 616 514 677 alia
524 625 699 695 comparata
708 634 801 675 manu
810 614 937 692 adjuvat
947 614 1069 674 Remus.

85 740 89 746 ·
138 700 223 761 51ta
237 719 336 778 regem
350 696 542 757 obtruncant

211 779 269 842 VI.
310 776 455 838 Numitor
469 775 550 836 inter
560 775 692 854 primum
704 773 871 835 tumultum
882 773 976 834 hostis
986 774 1071 836 inva-

171 859 243 930 sisse
255 857 362 918 urbem
383 866 474 936 atque
494 855 615 917 adortos
633 855 749 934 regiam
763 855 918 927 dictitans,
933 874 1003 914 cum
1017 873 1071 933 pu·

172 939 241 1001 bem
254 937 411 998 Albanam
425 937 457 996 in
472 956 573 996 arcem
592 935 742 1015 praesidio
763 935 915 1014 armisque
935 933 1071 994 obtinen-

172 1019 244 1080 dam
264 1025 427 1091 avocasset,
446 1025 513 1096 post
535 1036 606 1076 uam
626 1017 754 1095 juvenes
780 1023 955 1094 perpetrata
979 1013 1071 1074 caede

120 1097 159 1159 10
172 1118 297 1179 pergere
318 1097 358 1158 ad
381 1117 412 1158 se
434 1037 623 1176 gratulantes
642 1094 730 1168 vidit,
745 1095 900 1174 extemplo
921 1093 1071 1156 advocato

172 1178 302 1240 concilio
325 1177 423 1238 scelus
447 1178 479 1236 in
503 1197 534 1237 se
560 1175 672 1249 fratris,
694 1174 841 1254 originem
862 1183 1017 1253 nepotum,
1037 1181 1072 1234 ut

172 1258 277 1338 geniti,
291 1266 327 1318 ut
340 1257 471 1330 educati,
486 1265 521 1317 ut
535 1256 649 1336 cogniti
665 1265 771 1328 essent,
786 1254 909 1315 caedem
930 1253 1071 1332 deinceps

173 1338 298 1419 tyranni
318 1357 407 1417 seque
428 1337 491 1417 ejus
512 1345 666 1397 auctorem
686 1335 827 1396 ostendit.
868 1333 1004 1396 «Iuvenes
1017 1352 1072 1414 per

173 1418 305 1479 mediam
319 1417 489 1478 contionem
504 1416 625 1496 agmine
638 1416 764 1496 ingressi
779 1435 849 1475 cum
862 1433 956 1477 evum
970 1433 1072 1492 regem

122 1497 160 1558 15
174 1498 364 1570 salutassent,
378 1506 482 1558 secuta
502 1516 541 1558 ex
562 1496 645 1557 omni
666 1495 863 1556 multitudine
884 1493 1073 1556 consentiens

174 1599 236 1641 vox
250 1587 351 1638 ratum
365 1597 474 1638 nornen
488 1576 710 1656 imperiumque
723 1575 787 1655 regi
802 1575 901 1636 efficit.
1015 1629 1017 1634 .

215 1659 265 1718 Ita
285 1656 441 1718 Numitori
460 1655 585 1717 Albana
605 1676 637 1717 re
658 1656 812 1736 permissa,
827 1655 995 1717 Romulum
1015 1654 1074 1717 Re·

173 1757 318 1816 mumque
332 1736 443 1816 cupido
458 1737 538 1816 cepit
552 1735 585 1796 in
599 1737 636 1797 iis
650 1736 733 1808 locis,
747 1735 801 1796 ubi
815 1737 946 1816 expositi
959 1736 1013 1796 ubi
1035 1755 1073 1816 ue

74 1858 78 1865 .
175 1818 296 1879 educati
311 1826 407 1890 erant,
422 1816 506 1877 urbis
520 1815 703 1879 condendae.
746 1816 789 1877 Et
803 1825 959 1896 supererat
972 1837 1002 1876 m
1037 1815 1073 1876 ti·

122 1897 251 1959 aurudo
265 1897 458 1958 Albanorum
473 1896 732 1976 Latinorumque;
753 1897 794 1958 ad
808 1897 840 1957 id
855 1905 988 1976 pastores
1002 1915 1073 1975 quo-

175 1999 234 2057 que
260 1985 455 2049 accesserant,
483 1977 537 2054 qui
564 1996 666 2038 omnes
694 1976 786 2038 facile
817 1997 901 2056 spem
929 1977 1073 2049 facerent,

175 2078 303 2138 parvam
328 2056 452 2129 Albam,
477 2077 606 2136 parvum
632 2056 798 2119 Lavinium
826 2077 899 2137 prae
926 2077 963 2118 ea
988 2055 1073 2130 urbe,

176 2159 254 2218 quae
267 2137 456 2209 conderetur,
471 2137 544 2198 fore.
586 2136 757 2200 Intervenit
772 2137 882 2198 deinde
894 2137 943 2198 his
960 2136 1073 2230 cogita

176 2217 309 2279 tionibus
336 2217 456 2280 avitum
483 2217 609 2291 malum,
633 2217 720 2298 regni
748 2218 869 2297 cupido,
890 2226 982 2296 atque
1002 2214 1075 2276 rnde

123 2296 162 2357 25
176 2298 299 2359 foedum
326 2306 478 2358 certamen
509 2307 646 2358 coortum
673 2318 693 2359 a
719 2299 792 2359 satis
819 2297 887 2358 miti
914 2296 1074 2378 principio.

177 2378 332 2456 Quoniam
355 2377 469 2458 gemini
490 2387 588 2438 essent
607 2398 663 2439 nec
683 2379 791 2439 aetatis
811 2377 995 2440 verecundia
1017 2376 1075 2437 dis·

176 2461 290 2520 crimen
309 2457 408 2518 facere
422 2467 529 2536 posset,
544 2466 579 2519 ut
599 2457 652 2531 dii,
667 2477 796 2537 quorum
816 2457 931 2519 tutelae
952 2478 988 2518 ea
1008 2455 1076 2518 loca

176 2547 281 2612 essent,
291 2538 427 2617 auguriis
441 2536 584 2616 legerent,
595 2539 647 2616 qui
661 2559 772 2599 nomen
785 2558 883 2600 novae
895 2537 966 2598 urbi
979 2537 1075 2610 daret,

177 2620 230 2699 qui
241 2617 396 2679 conditam
406 2617 533 2696 imperio
544 2628 670 2697 regeret,
681 2618 838 2679 Palatium
848 2617 1009 2690 Romulus,
1017 2616 1076 2678 Re·

124 2696 164 2758 30
177 2719 243 2759 mus
257 2697 448 2759 Aventinum
461 2698 500 2758 ad
515 2697 760 2775 inaugurandum
775 2696 891 2777 templa
905 2697 1038 2776 capiunt

216 2778 293 2841 VII.
335 2777 434 2838 Priori
462 2777 559 2838 Remo
587 2778 749 2857 augurium
771 2779 887 2841 venisse
907 2778 1004 2838 fertur
1022 2795 1077 2838 sex

176 2859 331 2931 vultures3
348 2858 474 2938 jamque
487 2857 628 2918 nuntiato
649 2859 778 2938 augurio
796 2877 867 2919 cum
886 2857 1002 2937 duplex
1022 2877 1078 2917 nu·

176 2959 276 3000 merus
295 2938 428 3000 Romulo
448 2957 511 2998 sese
530 2937 716 3012 ostendisset,
730 2947 894 3017 utrumque
907 2957 1009 3016 regem
1021 2956 1078 2998 sua

177 3018 342 3080 multitudo
364 3017 625 3080 consalutaverat:
647 3026 782 3097 tempore
796 3018 844 3078 illi
859 3026 1030 3098 praecepto,
1044 3026 1078 3078 at

124 3099 163 3160 35
177 3100 210 3160 hi
237 3119 362 3159 numero
390 3099 496 3160 avium
523 3116 650 3176 regnum
678 3097 849 3159 trahebant
901 3096 981 3157 Inde
1007 3117 1078 3157 curn

177 3179 373 3240 altercatione
396 3177 546 3256 congressi
569 3179 735 3238 certamine
757 3178 872 3238 irarum
892 3176 933 3237 ad
954 3176 1078 3238 caedem

178 3268 356 3330 vertuntur;
370 3256 414 3318 ibi
428 3258 460 3316 in
474 3256 566 3318 turba
579 3258 658 3319 ictus
672 3257 786 3318 Remus
800 3257 919 3318 cecidit.
960 3255 1079 3335 Vulga-

178 3340 237 3399 tior
255 3339 339 3398 fama
357 3345 410 3410 est,
425 3336 559 3396 ludibrio
580 3337 683 3397 fratris
705 3337 837 3398 Remum
856 3357 951 3399 novos
970 3335 1078 3398 transi·

177 3418 268 3480 luisse
282 3436 393 3489 muros,
407 3415 478 3476 inde
496 3414 536 3476 ab
550 3415 628 3477 irato
643 3415 786 3490 Romulo,
801 3436 871 3477 oum
883 3416 987 3480 verbis
1006 3436 1078 3498 quo·
